,DATE,revenue,facebook_cost,google_ads_cost,bing_ads_cost,pinterest_cost,snapchat_cost,tiktok_cost,influencer_cost,other_cost,facebook_loyalty,google_ads_retention,sale,mystery_box,email_sms_campaign,organic_impressions,solid_color_launch,print_launch,product_launch
1,01/01/2021,113000.61,33913.6,10600.65,763.27,1345,5258.13,0,0,21.46,512.14,867.61,0,0,0,5322.58,0,0,0
2,01/02/2021,93328.04,26595.05,10829.63,827.82,1345,4912.35,0,0,9.69,506.45,862.48,0,0,937551,5322.58,0,0,0
3,01/03/2021,77925.66,27468.1,10684.1,863.36,1345,4384.28,0,0,3.7,480.56,880.01,0,0,0,5322.58,0,0,0
4,01/04/2021,85556.8,25200.6,9450.62,908.28,1345,4191.35,0,0,23.44,481.53,1091.97,0,0,0,5322.58,0,0,0
5,01/05/2021,69025.15,24604.83,8929.88,961.92,1317.51,4381.12,0,0,10.07,489.75,782.21,0,0,0,5322.58,0,0,0
6,01/06/2021,84423.9,25347.74,7083.32,816.16,1245.03,4431.13,0,0,26.55,504.73,389.47,0,0,6187,5322.58,0,0,0
7,01/07/2021,79199.08,25408.83,7656.45,873.81,1245,4350.08,0,0,51.68,503.49,464.27,0,0,7362,5322.58,0,0,0
8,01/08/2021,90084.11,26041.24,7341.2,729.41,1245,3428.26,0,0,20.65,521.38,364.39,0,0,5798,5322.58,0,0,0
9,01/09/2021,131380.02,26840.99,7882.1,754.58,1245,2747.97,0,0,27.48,518.56,326.66,0,0,809533,5322.58,0,0,0
10,01/10/2021,86723.23,24719.26,7346.04,700.67,1245,2881.61,0,0,3.77,501.43,272.6,0,0,0,5322.58,0,0,0
11,01/11/2021,74981.59,24768.38,6384.21,751.97,1245,2918.92,0,0,2.57,477.39,294.45,0,0,0,5322.58,0,0,0
12,01/12/2021,77135.81,25754.56,7245.89,675.83,1245,2906.7,0,0,37.92,482.97,306.56,0,0,4665,5322.58,0,0,0
13,01/13/2021,93536.4,29769.59,6955.83,694.29,1244.98,2589.13,0,1500,20.59,497.83,409.39,0,0,802681,5322.58,0,0,0
14,01/14/2021,93266.29,30613.05,7383.66,754.79,1245,2427.65,0,0,9.66,498.47,545.96,0,0,933666,5322.58,0,0,0
15,01/15/2021,275229.38,45273.08,8102.65,729.08,1245,2749.7,0,0,20.85,499.68,599.66,2,0,920211,5322.58,0,0,0
16,01/16/2021,220742.69,66243.65,10819.1,587.76,1244.99,2892.03,0,0,16.36,542.23,757.27,2,0,0,5322.58,0,0,0
17,01/17/2021,372095.53,76148.42,12158.23,679.13,1245,3256.36,0,1500,27.14,501.67,967.16,2,0,895093,5322.58,0,0,0
18,01/18/2021,168196.61,83756.74,12957.5,768.02,1245,3391.05,0,0,13.55,476.77,1328.69,2,0,15379,5322.58,0,0,0
19,01/19/2021,132315.96,71783.94,11755.61,658.46,1244.95,3381.83,0,0,10.08,482.36,1083.57,2,0,0,5322.58,0,0,0
20,01/20/2021,115832.96,54339.92,11588.9,716.55,1244.23,3370.48,0,4000,8.17,489.52,1405.72,2,0,0,5322.58,0,0,0
21,01/21/2021,254369.45,38432.98,9902.13,821.18,1244.98,3364.07,0,0,18.89,513.4,1013.89,2,0,892216,5322.58,0,0,0
22,01/22/2021,83116.62,31409.11,7823.27,725.28,1244.9,3091.94,0,0,9.07,504.65,463.25,0,0,895137,5322.58,0,0,0
23,01/23/2021,77435.63,33470.86,7409.58,644.64,1245,3026.74,0,0,6.47,531.63,422.78,0,0,7318,5322.58,0,0,0
24,01/24/2021,78743.68,30076.79,7891.18,730.58,1245,3090.61,0,0,6.39,477.81,418.13,0,0,0,5322.58,0,0,0
25,01/25/2021,51546.14,30261.91,6358.85,880.87,1538.44,3048.97,0,0,0,481.01,476.53,0,0,0,5322.58,0,0,0
26,01/26/2021,74564.11,30034.66,7204.7,867.34,1645,2962.38,0,2500,14.22,485.08,483.54,0,0,6276,5322.58,0,0,0
27,01/27/2021,76871.82,31703.62,7591.16,785.08,1643.63,2762.49,0,0,9.33,500.84,448.56,0,0,1032731,5322.58,0,0,0
28,01/28/2021,90957.95,35657.92,7795.56,869.7,1645,1782.7,0,0,8.61,503.87,465.06,0,0,896422,5322.58,0,0,0
29,01/29/2021,82320.52,39672.13,7141.31,740.5,1929.25,1663.79,0,0,4.96,511.72,430.94,0,0,23830,5322.58,0,0,0
30,01/30/2021,88028.68,42287.14,7690.83,722.24,2045,2175.25,0,0,9.6,539.67,370.22,0,0,883392,5322.58,0,0,0
31,01/31/2021,88231.85,39239.83,7703.89,759.24,2045,2485.23,0,450,38.98,501.58,375.65,0,0,7612,5322.58,0,0,0
32,02/01/2021,77431.53,37814.55,7346.99,674.88,2045,2510.87,0,0,113.33,477.52,513.63,0,0,7270,3928.57,0,0,0
33,02/02/2021,81802.51,37661.02,7418.42,677.84,2045,2239.33,0,0,61.17,486.46,530.05,0,0,887821,3928.57,0,0,0
34,02/03/2021,112396.25,37692.54,7337.55,702.16,2044.93,2226.92,0,7500,9.77,492.39,452.99,0,0,7149,3928.57,0,0,0
35,02/04/2021,80471.67,28436.93,7394.12,689.73,2044.98,2395.32,0,3500,34.9,507.34,452.19,0,0,7691,3928.57,0,0,0
36,02/05/2021,105516.13,29167.84,6740.53,612.23,2044.95,2949.95,0,2500,69.87,502.85,307.51,1.5,0,1010103,3928.57,0,0,0
37,02/06/2021,90674.74,31575.28,7372.34,585.19,2045,3492.62,0,0,170.18,531.86,291.31,1.5,0,7284,3928.57,0,0,0
38,02/07/2021,116924.02,30069.86,7484.01,581.53,2045,3604.66,0,175,152.09,503.59,239.53,1.5,0,900285,3928.57,0,0,0
39,02/08/2021,55769.29,25181.16,9385.43,617.06,2045,2592.37,0,0,60.49,483.35,189.28,0,0,6884,3928.57,0,0,0
40,02/09/2021,76820.78,26281.53,7721.79,711.54,2045,2707.33,0,0,63.45,499.84,328.17,0,0,5927,3928.57,0,0,0
41,02/10/2021,58230.4,27683.53,6730.42,698.72,2044.98,2818.62,0,350,28.64,486.65,278.1,0,0,860499,3928.57,0,0,0
42,02/11/2021,47965.96,25906.78,5838.75,683.32,2098.82,2188.7,0,0,4.18,499.23,287.73,0,0,5142,3928.57,0,0,0
43,02/12/2021,67318.46,24207.57,6145.88,723.75,2083.01,2221.5,0,0,3.62,506.67,275.09,0,0,853584,3928.57,0,0,0
44,02/13/2021,69881.97,27941.42,6354.92,654.97,1745.17,2422.22,0,0,19.16,520.65,241.6,0,0,55590,3928.57,0,0,0
45,02/14/2021,58667.15,26364.23,5876.2,781.47,1745,2685.5,0,0,22.8,509.08,236.98,0,0,723426,3928.57,0,0,0
46,02/15/2021,50016.36,22155.07,5042.65,529.85,1751.7,2433.55,0,2500,8.35,487.94,162.89,0,0,4189,3928.57,0,0,0
47,02/16/2021,97963.13,20131.25,4635.87,428.41,1401.04,1803.18,0,0,11.91,481.03,172.56,0,0,852193,3928.57,0,0,0
48,02/17/2021,60604.68,20548.37,4619.86,449.11,1399.59,1800,0,1500,17.92,492.25,173.62,0,0,4259,3928.57,0,0,0
49,02/18/2021,57677.89,20067.6,4924.36,601.65,1397.99,1800,0,0,4.98,494.36,215.35,0,0,936349,3928.57,0,0,0
50,02/19/2021,59415.84,20245.1,4143.97,583.69,1394.75,1800,0,1000,0,519.95,211.13,0,0,4816,3928.57,0,0,0
51,02/20/2021,63512.88,20165.01,4381.23,528.89,1405,1800,0,0,13.02,515.39,207.23,0,0,859851,3928.57,0,0,0
52,02/21/2021,56862.89,19115.82,4437.99,549.11,1392.88,1800,0,0,31.03,491.25,202.99,0,0,5283,3928.57,0,0,0
53,02/22/2021,67558.03,19206.75,4299.43,709.41,1404.54,1800,0,0,2.63,494.26,214.98,0,0,840434,3928.57,0,0,0
54,02/23/2021,45256.22,19189.77,4283.42,656.27,1400.88,1800,0,3150,12.48,490.97,227.5,0,0,4021,3928.57,0,0,0
55,02/24/2021,84573.48,19869.76,4271.83,713.91,1367.72,1800,0,3000,16.03,509.99,198.83,0,0,3852,3928.57,0,0,0
56,02/25/2021,64999.66,19107.21,4202.33,719.97,1282.43,1800,0,3500,5.9,507.78,197.82,0,0,3771,3928.57,0,0,0
57,02/26/2021,61112.18,20097.85,4522.08,691.1,1248.71,1800,0,0,4.07,506.09,154.67,0,0,660542,3928.57,0,0,0
58,02/27/2021,69136.29,22130.4,5198.71,718.53,1287.75,1800,0,900,0.5,499.66,172.2,0,0,4296,3928.57,0,0,0
59,02/28/2021,68883.55,21155.01,4857.39,657.01,1284.31,1800,0,0,52.83,500.05,206.24,0,0,4519,3928.57,0,0,0
60,03/01/2021,60146.89,20724.62,4518.01,636.87,1276.98,1800,0,0,28.97,480.07,196.01,0,0,846709,4354.84,0,0,0
61,03/02/2021,53935.71,21313.84,5158.89,626.55,1295,1800,0,750,11.91,492.67,252.12,0,0,3699,4354.84,0,0,0
62,03/03/2021,67287.5,21226.89,4533.37,712.95,1111.8,1800,0,9000,15.57,497.76,176.54,0,0,3756,4354.84,0,0,0
63,03/04/2021,104649.83,22162.52,5084.56,799.29,1295,1800,0,0,12.22,509.61,212.47,0,0,773280,4354.84,0,0,0
64,03/05/2021,67042.82,22159.46,4776.14,710.53,1292.12,1800,0,0,3.83,500.8,203.33,0,0,3713,4354.84,0,0,0
65,03/06/2021,65635.6,23766.25,4927.24,674.73,1295,1800,0,0,21.56,519.04,167.76,0,0,4336,4354.84,0,0,0
66,03/07/2021,167722.04,21831.74,4824.6,729.21,1295,1800,0,0,18.78,500.22,134.25,0,0,5168,4354.84,0,0,0
67,03/08/2021,202182.65,36109.88,6706.07,733.34,1306.88,3800,0,2500,12.76,502.86,206.31,0,0,1001435,4354.84,0,0,1
68,03/09/2021,158251.58,45783.56,9754.31,665.54,1695,3686.48,0,750,23.32,494.95,341.3,0,0,230877,4354.84,0,0,2
69,03/10/2021,140063.25,51052.6,7129.4,715.38,1695,3800,0,3350,12.22,488.49,251.08,0,0,12835,4354.84,0,0,3
70,03/11/2021,167772.56,53978.91,9078.68,767.35,1701.75,3800,0,6000,28.24,504.8,394.88,0,0,818443,4354.84,0,0,4
71,03/12/2021,145967.5,52307.79,8925.76,749.76,1995,3800,0,300,54.83,505.6,402.39,0,0,184599,4354.84,0,0,5
72,03/13/2021,126441.08,56237.03,9944.99,694.21,1995,3800,0,2500,29.55,503.08,418.16,0,0,7787,4354.84,0,0,6
73,03/14/2021,115528.67,51920.78,9987.38,786.57,1995,3800,0,0,4.12,495.97,397.68,0,0,11045,4354.84,0,0,7
74,03/15/2021,107593.43,54707.45,10241.74,1057.84,1995,3800,0,0,14.21,494.04,412.4,0,0,813029,4354.84,0,0,8
75,03/16/2021,138333.74,49928.96,9008.33,1302.82,1995,3800,0,0,40.95,501.24,394.8,0,0,218583,4354.84,0,0,9
76,03/17/2021,120638.24,46514.81,9518.01,1351.66,1719.92,3796.25,0,0,13.4,505.54,423.54,0,0,801552,4354.84,0,0,10
77,03/18/2021,107354.9,46767.82,9204.68,1437.71,1745,3457.11,0,1000,22.32,504.58,555.82,0,0,5581,4354.84,0,0,11
78,03/19/2021,120221.52,39674.7,7681.47,1106.59,1745,3479.29,0,2500,18.97,502.55,349.98,0,0,6691,4354.84,0,0,12
79,03/20/2021,257005.79,36899.89,8134.83,894.88,1745,3800,0,0,47.24,496.08,331.25,0,0,1269562,4354.84,0,0,1
80,03/21/2021,216569.99,37304.38,7576.63,777.26,1745,3800,0,2500,18.36,504.02,356.73,0,0,472788,4354.84,0,0,2
81,03/22/2021,133036.08,38742.34,7129.3,1009.2,1745,3800,0,2500,22.16,486.38,389.88,0,0,109871,4354.84,0,0,3
82,03/23/2021,201455.9,44074.09,7874.41,1114.22,1832.54,3800,0,9750,11.83,495.64,366.45,0,0,8285,4354.84,0,0,4
83,03/24/2021,121021.91,42358.56,7121.55,994.19,1945,3800,0,4000,35.26,501.2,372.08,0,0,10201,4354.84,0,0,5
84,03/25/2021,142782.72,41749.78,8357.82,979.43,1945,3800,0,6300,27.95,499.82,384.18,0,0,639073,4354.84,0,0,6
85,03/26/2021,160358.42,42861.82,8128.48,976.26,1944.95,3800,0,10500,52.12,499.04,371.9,0,0,793867,4354.84,0,0,7
86,03/27/2021,146447.33,44441.79,7861.83,741.9,1945,3800,0,0,28.66,513.9,349.56,0,0,7569,4354.84,0,0,8
87,03/28/2021,121172.33,41005.93,8120.89,825.73,1945,3800,0,0,3.5,500.55,359.47,0,0,7273,4354.84,0,0,9
88,03/29/2021,110450.55,40179.88,8029.55,1035.93,2024.68,5296.91,0,5000,5.75,482.86,375.94,1,0,524880,4354.84,0,0,22
89,03/30/2021,99611.19,37710.76,8824.61,1022.64,2195,4588.64,0,0,8.86,495.98,558.7,1,0,9104,4354.84,0,0,23
90,03/31/2021,141961.03,40419.69,8354.69,961.46,2195,4391.44,0,0,3.05,505.94,542.83,1,0,784703,4354.84,0,0,24
91,04/01/2021,113108.68,38427.51,7139.28,912.34,2195,4859.72,0,0,6.64,508.28,278.78,1,0,1022870,5500,0,0,25
92,04/02/2021,216774.77,38428.41,7537.25,802.98,2195,4306.93,0,0,35.24,506.65,260.66,1,0,1084986,5500,0,0,26
93,04/03/2021,107676.94,35632.51,7437.92,686.86,1945,4946.62,0,0,19.8,499.74,254.18,0,0,7157,5500,0,0,27
94,04/04/2021,106034.35,33733.13,7575.08,680.04,1945,4822.07,0,0,32.87,503.33,225.79,0,0,31241,5500,0,0,28
95,04/05/2021,169300.71,35196.36,7897.32,934.86,1945,4537.43,0,0,30.4,492.98,326.66,0,0,778714,5500,0,0,0
96,04/06/2021,126245.63,37904.06,9097.48,943.17,2577.74,4405,0,0,13.3,491.3,333.88,0,0,274973,5500,0,0,0
97,04/07/2021,138346.31,39808.98,8709.9,1176.82,3195,4630.99,0,0,44.78,488.2,423.83,0,0,787599,5500,0,0,0
98,04/08/2021,178132.97,49333.08,8691.48,1174.85,3195,6534.96,0,3000,21.14,507.05,407,0,0,26136,5500,0,0,10
99,04/09/2021,186534.78,50033.73,8808.72,1046.37,3194.97,5634.92,0,5500,22.87,512.3,385.65,0,0,621957,5500,0,0,0
100,04/10/2021,159483.78,51345.07,8723.45,856.39,3189,6478.86,0,0,14.28,504.84,440.62,0,0,58612,5500,0,0,0
101,04/11/2021,153769.72,49620.1,8711.81,772.35,3195,6290.43,0,4000,13.29,502.2,366.15,0,0,8039,5500,0,0,0
102,04/12/2021,154495.81,52775.24,8886.29,949.47,3194.62,6490.03,0,12500,17.16,502,476.16,0,0,24359,5500,0,0,11
103,04/13/2021,217012.87,51154.98,9058.11,982.13,3180.31,6682.14,0,3000,86.93,482.13,503.22,0,0,792615,5500,0,0,12
104,04/14/2021,195076.16,52259.6,9056.74,983.97,3190.18,6344.11,0,7500,183.41,487.78,647.52,0,0,8649,5500,0,0,13
105,04/15/2021,163905.44,52992.34,9118.6,1095.38,3195,6434.74,0,6550,53.15,492.03,655.61,0,0,8649,5500,0,0,0
106,04/16/2021,159947.15,53690.82,9093.47,922.31,3195,6100.22,0,2500,46.47,506.01,508.07,0,0,68389,5500,0,0,0
107,04/17/2021,164384.19,57411.76,9327.73,866.79,3195,6394.16,0,9000,25.73,527.85,325.58,0,0,1053329,5500,0,0,0
108,04/18/2021,162316.6,53686.03,10229.74,1091.09,3186.06,5799,0,0,26.05,502.56,279.89,0,0,8871,5500,0,0,0
109,04/19/2021,186047.68,57176.99,10500.4,1423.56,3175.68,5547.69,0,21000,45.84,480.56,304.35,0,0,76366,5500,0,0,0
110,04/20/2021,173722.3,66234.85,11262.07,1297.15,3195,6799.29,0,900,30.06,488.72,323.93,0,0,9706,5500,0,0,0
111,04/21/2021,208160.94,71209.98,10885.35,1036.26,3176.62,5981.07,0,10500,44.92,503.63,305.54,0,0,9519,5500,0,0,0
112,04/22/2021,190055.57,70899.27,10698.59,981.05,3195,6865.59,0,6000,28.12,499.7,253.19,0,0,783913,5500,0,0,0
113,04/23/2021,178527.94,71862.29,10363.05,1009.32,3177.07,6317.21,0,6750,25.56,505.49,184.82,0,0,82054,5500,0,0,0
114,04/24/2021,175292.1,76374.37,12082.01,770.76,3468.3,7504.45,0,0,11.98,519.34,99.62,0,0,115945,5500,0,0,0
115,04/25/2021,176426.45,69278.99,11657.04,851.16,3595,6117.16,0,0,28.92,492.61,73.92,0,0,806355,5500,0,0,0
116,04/26/2021,173669.64,68170.87,11927.72,964.03,3733.29,7063.23,0,3500,10.26,493.36,151.51,0,0,10287,5500,0,0,0
117,04/27/2021,169679.48,61249.18,12406.46,1058.97,3795,6317.14,0,1250,46.01,485.79,209.4,0,0,809782,5500,0,0,0
118,04/28/2021,147613.27,56337.21,11270.15,928.98,3780.72,6409.94,0,6000,26.09,495.7,207.53,0,0,9501,5500,0,0,0
119,04/29/2021,145415.49,54798.63,10803.25,957.21,3660.46,4256.38,0,11500,75.35,508.8,222.52,0,0,60482,5500,0,0,0
120,04/30/2021,169187.82,52987.47,9425.74,828.89,3420.06,4337.43,0,8000,39.56,513.32,173.9,0,0,363447,5500,0,0,0
121,05/01/2021,152193.76,55393.52,9823.03,768.12,3412.76,4700.5,0,0,28.93,510.42,186.3,0,0,10545,6483.87,0,0,0
122,05/02/2021,163117.45,52775.04,11068.25,785.07,3407.01,4687.58,0,0,49.67,504.3,240.93,0,0,67918,6483.87,0,0,0
123,05/03/2021,158232.42,51207.7,10280.2,958.86,3420,4613.16,0,0,39.44,485.69,320.48,0,0,9239,6483.87,0,0,0
124,05/04/2021,118003.39,50662.97,11676.18,915.65,3418.57,4401.26,0,2500,36.89,482.82,399.61,0,0,7902,6483.87,0,0,0
125,05/05/2021,144139.31,51187.79,10454.73,1019.73,3468.18,4617.69,0,0,22.72,502.35,304.04,0,0,1386796,6483.87,0,0,0
126,05/06/2021,129886.04,50911.07,10759.1,1005.04,3612.26,4236.35,0,4000,15.39,492.83,232.92,0,0,8237,6483.87,0,0,0
127,05/07/2021,97981.74,52439.86,10331.47,821.41,3610.97,4174.46,0,0,28.37,504.21,176.72,0,0,6915,6483.87,0,0,0
128,05/08/2021,113415.77,55530.54,10333.71,704.26,3614.1,4433.63,0,0,38.92,527.8,112.3,0,0,892535,6483.87,0,0,0
129,05/09/2021,112808.76,39614.89,9709.24,727.45,3610.54,4459.33,0,0,42.09,501.82,89.37,0,0,7144,6483.87,0,0,0
130,05/10/2021,103822.98,40573.3,8905.26,1002.22,3551.69,3787.27,0,2000,32.83,495.44,146.42,0,0,6363,6483.87,0,0,0
131,05/11/2021,95565.82,44507.3,8497.21,1154.18,2970.19,3563.26,0,0,12.18,503.79,151,0,0,5842,6483.87,0,0,0
132,05/12/2021,93529.27,43483.3,8225.05,859.23,2969.52,3669.08,0,500,26.92,483.26,170.95,0,0,285133,6483.87,0,0,0
133,05/13/2021,138142.56,46864.01,8032.74,704.25,2970,3654.15,0,14500,34.73,502.19,160.48,0,0,13048,6483.87,0,0,0
134,05/14/2021,130783.48,44798.03,7985.11,695.54,2970,3668.12,0,3250,221.23,502.06,184.82,0,0,895330,6483.87,0,0,0
135,05/15/2021,114735.37,48294.03,8729.78,533.45,2970,3678.69,0,6000,69.29,511.44,101.25,0,0,17498,6483.87,0,0,0
136,05/16/2021,123869.41,45690.46,9031.49,575.16,2970,3667.04,0,1300,217.13,500.35,103.93,0,0,110261,6483.87,0,0,0
137,05/17/2021,93647.41,46215.96,8770.03,685.07,2970,3677.88,0,0,92.03,486.46,111.49,0,0,6797,6483.87,0,0,0
138,05/18/2021,292976.34,49235.43,9648.08,889.39,2970,3678.18,0,5000,116.58,506.58,116.5,0,0,1714230,6483.87,0,1,0
139,05/19/2021,207485.38,65703.83,9760.63,872.65,3332.25,3679.04,0,7000,93.63,489.5,120.26,0,0,10833,6483.87,0,2,0
140,05/20/2021,222159.18,62647.03,11424.58,807.87,3770,3679.84,0,7700,61.39,492.36,135.99,0,0,8784,6483.87,0,3,0
141,05/21/2021,187281.85,64990.11,12150.96,767.8,3770,3671.41,0,6000,71.17,514.68,145.35,0,0,7441,6483.87,0,4,0
142,05/22/2021,172116.79,67528.79,13093.84,561.3,3770,3682.87,0,0,51.02,510.07,117.75,0,0,1110346,6483.87,0,5,0
143,05/23/2021,196548.18,61888.27,14979.16,630.27,3770,3661.9,0,2500,78.7,503.33,109.83,0,0,5429,6483.87,0,6,0
144,05/24/2021,157987.48,56190.09,13678.57,800.72,3770,3678.35,0,5000,62.77,484.14,124.91,0,0,6751,6483.87,0,7,0
145,05/25/2021,148623.2,57407.97,12474.68,917.65,4334.33,5474.85,0,1900,73.38,496.13,137.4,0,0,800771,6483.87,0,8,0
146,05/26/2021,168588.36,57429.81,11039.27,915.42,4570,5439.41,0,28750,63.65,486.11,148.14,0,0,8542,6483.87,0,9,0
147,05/27/2021,162866,58719.47,10226.98,1070.93,4570,5444.49,0,21000,73.8,502.56,124.31,0,0,8752,6483.87,0,10,0
148,05/28/2021,320118.39,60360.98,11044.15,1017.08,4570,5442.21,0,15000,96.28,515.96,124.94,0.5,0,1153831,6483.87,0,11,0
149,05/29/2021,342431.94,63699.37,11840.73,780.33,4570,6144.01,0,0,159.81,511.77,96.73,1.5,0,1734415,6483.87,0,12,0
150,05/30/2021,229238.3,60510.03,13127.57,778.49,4570,6169.04,0,0,141.87,502.81,114.5,1.5,0,13322,6483.87,0,13,0
151,05/31/2021,346352.9,60559.59,13331.93,767.73,4570,6150.42,0,0,190.56,503.29,142.54,1.5,0,1370343,6483.87,0,14,0
152,06/01/2021,128424.17,55133.95,12418.2,971.63,4570,6114.2,0,12667,128.9,484.82,241.31,0,0,126805,8200,0,15,0
153,06/02/2021,147683.11,56163,11115.05,871.24,4570,6140.37,0,0,39.19,484.88,347.41,0,0,6147,8200,0,16,0
154,06/03/2021,140732.86,57829.9,10899.42,977.18,4570,6014.37,0,7000,53.23,505.39,328.34,0,0,873722,8200,0,17,0
155,06/04/2021,346143.88,56795.01,10517.87,917.58,4570,5755.38,0,0,107.79,493.4,283.78,0,0,1757608,8200,0,18,0
156,06/05/2021,167380.74,60767.88,11151.04,718.13,4570,5997.94,0,11500,130.73,525.41,220.09,0,0,10277,8200,0,19,0
157,06/06/2021,244221.62,61794.18,12883.74,743.71,4570,5865.47,0,7500,156.86,503.83,195.88,0,0,11687,8200,0,20,0
158,06/07/2021,221786.76,67530.27,13173.01,1097.6,4570,6032.7,0,8650,62.15,481.84,338.32,0,0,11433,8200,0,21,0
159,06/08/2021,226220.44,73036.82,13597.51,1106.65,4570,7418.43,0,2000,102.45,501.63,355.03,0,0,887271,8200,0,22,0
160,06/09/2021,251001.31,72987.78,13520.9,1269.32,4570,7801.35,0,24850,175.54,480.24,229.63,0,0,11994,8200,0,23,0
161,06/10/2021,246910.37,72955.25,13930.93,914.91,4570,7826.26,0,7450,116.98,501.28,234.78,0,0,175197,8200,0,24,0
162,06/11/2021,206643.93,69421.25,15043.99,1045.7,4570,7802.67,0,800,64.83,503.36,239.42,0,0,45867,8200,0,25,0
163,06/12/2021,207056.62,69681.83,14837.77,678.1,4570,7221.93,0,6000,138.8,527.82,158.97,0,0,11575,8200,0,26,0
164,06/13/2021,211832.14,65287.5,17029.22,614.31,4570,7407.28,0,0,120.52,501.09,161.09,0,0,884277,8200,0,27,0
165,06/14/2021,280796.73,63930.51,16324.69,1099.58,4570,6714.44,0,0,326.4,492.28,193.23,0,0,11965,8200,0,28,0
166,06/15/2021,311542.94,64531.57,16515.35,1062.61,4966.96,6281.25,0,3000,225.66,487.92,193.7,0,0,1141048,8200,0,12,0
167,06/16/2021,194821.89,71676.51,15011.1,969.39,5170,6599.89,0,4250,144.53,497.53,195.04,0,0,10492,8200,0,13,0
168,06/17/2021,217367.58,73284.75,13723.43,893.44,5170,7001.14,0,3000,113,497.91,151.71,0,0,9853,8200,0,14,0
169,06/18/2021,217863.87,74932.15,11654.55,992.01,5170,7434.68,0,17500,136.05,511.7,119.59,0,0,9876,8200,0,15,0
170,06/19/2021,189679.73,77541.28,17972.03,468.75,5170,7367.04,0,0,88.6,511.57,86.2,0,0,22641,8200,0,16,0
171,06/20/2021,193817.83,72928.83,22386.4,528.78,5170,6775.09,0,1500,109.74,494.21,57.1,0,0,10655,8200,0,17,0
172,06/21/2021,187090.93,66737.08,13188.45,797.24,5170,5665.57,0,1650,83.62,485.35,78.56,0,0,723470,8200,0,18,0
173,06/22/2021,172549.72,57272.81,13287.3,579.96,5170,5703.35,0,4500,72.44,495.18,82.66,0,0,36511,8200,0,19,0
174,06/23/2021,128241.03,56146.6,8985.95,492.4,5170,5293.47,0,2885,54.13,495.07,77.17,0,0,38832,8200,0,20,0
175,06/24/2021,143226.54,56761.94,9755.4,543.98,5170,4913.74,0,6500,23.22,502.96,83.63,0,0,6810,8200,0,21,0
176,06/25/2021,192325.47,57680.53,11492.03,866.5,5170,4916,0,8800,68.46,502.91,77.46,0,0,32725,8200,0,22,0
177,06/26/2021,204546.19,59976.72,12674.7,564.75,5170,4979.04,0,13250,157.48,524.32,40.73,0,0,939001,8200,0,23,0
178,06/27/2021,183808.03,56159.29,12551.56,609.95,5170,5107.68,0,0,105.36,488.22,37.11,0,0,8232,8200,0,24,0
179,06/28/2021,200365.21,51511.15,10050.19,967.12,4707.36,5040.89,0,0,79.33,478.71,53.72,0,0,6951,8200,0,25,0
180,06/29/2021,223457.55,49553.77,9877.83,1040.42,4453.92,5149.63,0,24000,68.04,493.94,53.55,0,0,212116,8200,0,26,0
181,06/30/2021,196951.75,62156.02,10040.78,757.36,4570,5449.07,0,8000,100.75,492.13,56.93,0,0,1840823,8200,0,27,0
182,07/01/2021,168856.96,63945.55,9733.74,1021.34,4570,5573.67,0,1500,87.6,496.07,94.91,0,0,9555,6483.87,0,28,0
183,07/02/2021,198475.47,65129.14,9824.87,857.6,4570,5748.63,0,1500,118.17,508.32,92.37,0,0,1381482,6483.87,0,0,0
184,07/03/2021,167034.4,68832.41,10498.76,455.59,4570,5784.68,0,0,68.16,542.6,64.77,0,0,11237,6483.87,0,0,0
185,07/04/2021,187763.58,63434.59,11295.51,430.62,4570,5975.89,0,0,53.94,494.13,66.64,0,0,854555,6483.87,0,0,0
186,07/05/2021,188705.19,63145.36,11419.07,582.24,4170.08,5834.1,0,0,83.99,490.83,80.73,0,0,10718,6483.87,0,0,0
187,07/06/2021,133718.45,65546.01,10552.47,671.75,4170,4943.5,0,0,68.77,480.93,98.37,0,0,8541,6483.87,0,0,0
188,07/07/2021,162897.27,67709.19,10534.24,746.96,4170,4852.5,0,16500,37.57,493.03,79.14,0,0,982577,6483.87,0,0,0
189,07/08/2021,143399.86,69127.93,10296,574.48,4170,4761.93,0,750,15.61,488.79,78.4,0,0,7808,6483.87,0,0,0
190,07/09/2021,138989.02,59775.92,10559.44,609.2,4170,4211.53,0,4500,42.88,442.84,68.89,0,0,7924,6483.87,0,0,0
191,07/10/2021,139626.73,79253.07,11288,558.84,4170,4502.99,0,0,23.52,578.94,43.94,0,0,880054,6483.87,0,0,0
192,07/11/2021,147890.37,71658.78,11731.88,643.72,4170,4668.28,0,0,48.35,508.39,30.01,0,0,33231,6483.87,0,0,0
193,07/12/2021,141390.42,59731.88,10335.43,800.05,4170,4706.69,0,13000,78.23,490.7,29.31,0,0,7166,6483.87,0,0,0
194,07/13/2021,162605.36,55488.6,10169.92,979.72,4170,4583.82,0,0,23.39,494.83,36.84,0,0,876206,6483.87,0,0,0
195,07/14/2021,208802.54,55722.33,11019.38,648.78,4170,4487.37,0,0,45.82,503.19,42.64,0,0,171997,6483.87,0,1,0
196,07/15/2021,175524.68,47106.78,10648.46,849.48,3970.64,3162.88,0,0,59.3,331.1,59.15,0,0,803679,6483.87,0,2,0
197,07/16/2021,170888.5,45537.29,11075.27,621.05,3720.1,3162.77,0,2700,41.38,248.98,86.84,0,0,769680,6483.87,0,3,0
198,07/17/2021,146071.41,48122.76,11066.88,476.98,3720,3179.54,0,0,61.87,246.6,89.73,0,0,877877,6483.87,0,4,0
199,07/18/2021,142281.59,46771.44,11236.17,655.23,3720,3176.02,0,0,69,255.11,80.4,0,0,9171,6483.87,0,5,0
200,07/19/2021,124477.77,43990.27,11072.12,656.35,3720,3163.13,0,18500,19.98,240.85,126.81,0,0,7753,6483.87,0,6,0
201,07/20/2021,125359.31,43943.19,10193.9,902.1,3720,3083.74,0,3000,32.22,236.66,131.24,0,0,7072,6483.87,0,7,0
202,07/21/2021,122133.85,43617.82,9571.9,793.39,3720,3027.94,0,13300,22.28,247.23,148.18,0,0,7019,6483.87,0,8,0
203,07/22/2021,127033.32,44270.82,8809.37,831.87,3720,3003.75,0,11167,20.33,256.72,112.24,0,0,357865,6483.87,0,9,0
204,07/23/2021,118337.64,45033.91,8706.03,676.02,3699.51,2988.46,0,5000,46.13,247.46,119.04,0,0,6630,6483.87,0,10,0
205,07/24/2021,132501.04,47594.8,9542.98,663.47,3700.68,2996.56,0,5000,21.63,265.97,95.51,0,0,1056532,6483.87,0,11,0
206,07/25/2021,150898.15,44201.5,9779.09,653.61,3711.43,2996.43,0,0,15.77,246.88,61.92,0,0,7502,6483.87,0,12,0
207,07/26/2021,137405.92,43711.62,8741.81,733.19,3720,2986.55,0,1000,15.31,237.76,106.32,0,0,346464,6483.87,0,13,0
208,07/27/2021,109144.22,42639.52,7677.17,754.62,3720,2914.46,0,8000,46.73,242.61,120.13,0,0,184873,6483.87,0,14,0
209,07/28/2021,356846.74,44350.79,7870.91,649.37,3719.83,2997.49,0,4000,33.97,250.19,132.61,0,0,9118,6483.87,1,15,0
210,07/29/2021,118532.38,42469.45,7257.16,566.14,3720,3021.65,0,0,12.48,255.33,102.62,0,0,892733,6483.87,2,16,0
211,07/30/2021,107724.8,44867,7920.43,598.36,3720,3029.98,0,1500,36.68,245.35,90.43,0,0,76615,6483.87,3,17,0
212,07/31/2021,134920.24,48895.69,8147.35,454.83,3720,3027.09,0,1250,53.52,271.88,82.54,0,0,7289,6483.87,4,18,0
213,08/01/2021,110578.3,49747.31,8290.09,455.8,3720,3026.55,0,0,44.88,249.39,94.3,0,0,6818,4354.84,5,19,0
214,08/02/2021,101318.26,50277.02,7737.58,538.25,3720,3015.28,0,2500,42.77,245.92,124.98,0,0,6467,4354.84,6,20,0
215,08/03/2021,116291.54,45672.6,7958.11,528.9,3720,2988.26,0,12500,27.85,238.96,106.35,0,0,863671,4354.84,7,21,0
216,08/04/2021,89798.19,45784.56,7621.56,623.62,3720,2988.7,0,5000,32.31,255.05,116.47,0,0,5322,4354.84,8,22,0
217,08/05/2021,89922.97,39403.03,6634.79,559.94,3428.6,2944.39,0,4300,48.5,255.79,99.07,0,0,4902,4354.84,9,23,0
218,08/06/2021,109640.81,38934.27,5941.54,460.17,3125.02,2613.9,0,15500,30.82,243.29,69.6,1.5,0,858214,4354.84,10,24,0
219,08/07/2021,177157.18,41662.53,6819.47,408.88,3125,2847.1,0,0,283.67,261.6,57.06,1.5,0,1536962,4354.84,11,25,0
220,08/08/2021,171422.43,39935.31,6687.6,516.3,3125,2962.19,0,0,279.72,246.41,75.4,1.5,0,9251,4354.84,12,26,0
221,08/09/2021,74008.95,35023.44,5885.03,531.16,3125,3029.3,0,0,10.9,239.77,78.21,0,0,6499,4354.84,13,27,0
222,08/10/2021,90040.1,30983.23,6407.74,508.96,2486.73,1972.95,0,0,26.86,249.15,109.43,0,0,16141,4354.84,14,28,0
223,08/11/2021,95741.73,31444.34,6594.71,402.68,2083.04,1876.5,0,13500,945.68,254.87,122.93,0,0,986378,4354.84,15,0,0
224,08/12/2021,85059.35,31660.65,6203.41,406.9,2125,1743.43,0,2000,846.18,247.05,93.08,0,0,6967,4354.84,16,0,0
225,08/13/2021,83313.94,35634.49,6590.19,418.98,2125,1806.83,0,1000,70.84,245.89,91.25,0,0,4651,4354.84,17,0,0
226,08/14/2021,91994.16,45380.59,6814.58,309.27,2125,1795.92,0,1000,54.03,266.86,75.53,0,0,832611,4354.84,18,0,0
227,08/15/2021,98117.26,45432.35,6321.23,386.43,2125,1751.38,0,0,52.91,248.08,84.64,0,0,5895,4354.84,19,0,0
228,08/16/2021,76900.27,46725.62,5345.45,439.74,2125,1859.97,0,1500,46.76,239,44.41,0,0,5228,4354.84,20,0,0
229,08/17/2021,103003.83,48131.04,5768.23,432.5,2125,1762.88,0,3500,74.48,239.35,56.06,0,0,186222,4354.84,21,0,0
230,08/18/2021,105830.76,48948.55,5444.82,403.08,2247.57,1838.06,0,6750,47.43,244.7,72.7,0,0,10530,4354.84,22,0,0
231,08/19/2021,132838.98,48224.7,8066.31,423.86,2375,1825.04,0,6500,22.4,256.17,79.28,0,0,845730,4354.84,23,0,0
232,08/20/2021,118441.75,46177.77,5938.13,415.35,2375,1851.92,0,4000,44.55,248.95,59.57,0,0,8626,4354.84,24,1,0
233,08/21/2021,93991.48,45698.87,6172.46,393.63,2375,1852.37,0,3500,31.33,273.75,36.76,0,0,5048,4354.84,25,2,0
234,08/22/2021,100714.41,40474.93,6283.18,432.1,2375,1879.32,0,0,33.18,251.17,47.5,0,0,144518,4354.84,26,3,0
235,08/23/2021,122321.38,33865.18,5497.97,575.22,2375,1871.62,0,6400,46.72,241.19,57.78,0,0,778600,4354.84,27,4,0
236,08/24/2021,96642.85,30534.6,5613.05,680.15,2375,1868.81,0,1800,30.92,250.73,63.78,0,0,4773,4354.84,28,5,0
237,08/25/2021,131138.55,30875.26,5356.53,665.82,2375,1880.48,0,25000,51.82,252.54,39.85,0,0,489684,4354.84,0,6,0
238,08/26/2021,451060.47,39386.93,6490.1,747.59,2375,1880.12,0,40000,105.57,254.34,56.52,0,0,1639316,4354.84,0,7,0
239,08/27/2021,231225.06,44040.9,6595.14,458.74,2375,1883.57,0,2250,99.83,251.87,110.5,0,0,74400,4354.84,0,8,0
240,08/28/2021,194732.27,47890.45,7372.93,505.15,2375,1886.35,0,5000,108.49,248.16,98.66,0,0,950194,4354.84,0,9,0
241,08/29/2021,161999.65,45211.88,6675.48,489.39,2375,1865.78,0,0,38.92,248.19,113.35,0,0,10025,4354.84,0,10,0
242,08/30/2021,300846.04,45464.24,6768.35,589.48,2375,1874.61,0,38667,79.61,242.91,136.76,0,0,1693238,4354.84,0,11,1
243,08/31/2021,165939.34,53539.59,6591.34,522.7,2375,1879.02,0,10100,43.6,241.56,200.11,0,0,9914,4354.84,0,12,2
244,09/01/2021,168214.85,65894.21,6810.5,519.22,2375,1881.08,0,0,95.66,254.6,204.2,0,0,10524,4500,0,13,3
245,09/02/2021,316709.36,65255.31,7225.27,577.06,2375,1866.29,0,3667,63.35,258.71,183,1.5,0,676523,4500,0,14,4
246,09/03/2021,297583.21,66602.58,8770.14,546.25,2375,1879.78,0,2500,55.61,254.75,421.38,1.5,0,1042549,4500,0,15,5
247,09/04/2021,285793.12,72188.64,8787.25,490.3,2375,1876.93,0,0,268.13,249.28,337.5,1.5,0,26503,4500,0,16,6
248,09/05/2021,302134.24,69484.23,9647.69,509.73,2375,1879.28,0,0,287.18,253.19,419.21,1.5,0,28770,4500,0,17,7
249,09/06/2021,490056.29,69588.94,11481.89,589.97,2375,4165.35,0,0,1053.65,252.3,606.58,1.5,0,1515662,4500,0,18,8
250,09/07/2021,135955.52,56625.08,8911.04,617.17,2407.35,4354.98,0,2250,455.99,251.32,398.71,0,0,11928,4500,0,19,9
251,09/08/2021,95124.79,48409.07,8207.9,698.45,2475.01,4380.35,0,0,31.36,251.24,388.57,0,0,9850,4500,0,20,10
252,09/09/2021,103559.73,42822.45,8842,641.64,2475,4353.52,0,6300,41.3,250.71,392.13,0,0,826401,4500,0,21,11
253,09/10/2021,139373.04,45718.59,7875.95,599.89,2475,3854.55,0,0,43.87,252.12,397.93,0,0,18146,4500,0,22,12
254,09/11/2021,127080.47,46044.61,7376.51,462.18,2475,4366.83,0,0,55.76,239.12,341.16,0,0,5877,4500,0,23,13
255,09/12/2021,118216.04,43396.78,8215.48,512.7,2475,4041.06,0,0,47.7,254.48,373.04,0,0,5872,4500,0,24,14
256,09/13/2021,90777.06,42927.69,7395.99,649.65,2475,4142.28,0,2500,64.73,253.97,307.42,0,0,5389,4500,0,25,15
257,09/14/2021,93015.64,43641.68,7698.99,562.75,2475,3689.88,0,12000,89.97,252.58,223.98,0,0,5474,4500,0,26,16
258,09/15/2021,98495.9,40874.56,7491.64,620.34,2475,4031.02,0,2000,52.54,251.28,172.46,0,0,827509,4500,0,27,17
259,09/16/2021,104146.55,41081.63,7073.62,634.63,2475,3955.19,0,2500,31.51,247.66,157.73,0.25,0,361145,4500,0,28,18
260,09/17/2021,70726.51,40861.85,6462.82,552.23,2475,3519.74,0,2500,3.12,247.56,137.7,0.25,0,820226,4500,0,26,19
261,09/18/2021,85288.31,39795.64,7187.38,494.38,2475,4344.57,0,0,36.81,242.47,106.55,0.25,0,7506,4500,0,27,20
262,09/19/2021,74987.87,36989.18,7215.55,452.12,2475,3737.28,0,0,58.82,251.12,101.56,0.25,0,5618,4500,0,28,21
263,09/20/2021,70230.14,29506.95,6461.27,585.4,2469.02,3104.31,0,0,33.47,253.01,111.29,0.25,0,831115,4500,0,0,22
264,09/21/2021,45700.75,26788.97,6046.64,606.84,2460.39,3077.28,0,0,21.15,250.92,90.7,0,0,4883,4500,0,0,23
265,09/22/2021,72118.31,27642.54,4710.18,515.03,2449.59,3152.05,0,17883,67.83,255.23,61.61,0,0,581598,4500,0,0,24
266,09/23/2021,75374.93,27436.96,5179.36,558.13,2454.27,2592.16,0,0,13.25,248.29,46.41,0,0,39083,4500,0,0,25
267,09/24/2021,89132.27,28195.56,4914.22,494.29,2454.63,2691.4,0,2500,76.11,249.63,38.32,0.75,0,821483,4500,0,0,26
268,09/25/2021,83352.71,27523.48,5313.25,298.14,2465.86,3181.16,0,0,31.14,241.8,31.09,0.75,0,634462,4500,0,0,27
269,09/26/2021,140625.83,26216.56,6054.11,439.63,2475,3170.92,0,583,111.95,253.35,29.4,0.75,0,823151,4500,0,0,28
270,09/27/2021,80939.43,23532.06,5160.14,423.96,2475,3079.94,0,1250,36.4,253.17,52.68,0,0,14531,4500,0,0,0
271,09/28/2021,59820.59,24774.26,5034.76,499.34,2475,2894.91,0,0,12.37,253.77,62.26,0,0,3649,4500,0,0,0
272,09/29/2021,58773.64,27359.2,5328.94,492.72,2475,2899.06,0,0,8.31,249.29,65.24,0,0,808458,4500,0,0,0
273,09/30/2021,62739.81,28715.68,4551.14,435.72,2471.98,2914.45,0,1500,16.05,252.15,69.09,0,0,3744,4500,0,0,0
274,10/01/2021,80162.51,28046.97,4846.58,584.4,2475,2836.89,0,0,50.06,245.16,103.27,0,0,363256,4354.84,0,0,0
275,10/02/2021,62733.11,28745,4910.01,443.08,2469.25,2639.54,0,0,18.56,243.11,65.93,0,0,3607,4354.84,0,0,0
276,10/03/2021,87019.2,29108.07,5541.54,423.51,2473.1,2856.47,0,0,40.48,253.72,86.89,0,0,3455,4354.84,0,0,0
277,10/04/2021,85479.45,27107.17,5023.46,511.99,2470.53,2596.17,0,100,22.65,256.91,73.14,0,0,779737,4354.84,0,0,0
278,10/05/2021,73150.07,28709.41,4869.54,423.18,2473.21,2537.79,0,0,27.87,253,66.25,0,0,3655,4354.84,0,0,0
279,10/06/2021,73551.11,26143.02,4616.7,435.38,2472.55,2399.78,0,3250,32.47,248.69,54.54,0,0,710921,4354.84,0,0,0
280,10/07/2021,60701.07,27091.04,4384.35,370.59,2469.49,2604.72,0,1000,19.58,249.04,48.77,0,0,5504,4354.84,0,0,0
281,10/08/2021,194652.63,29930.62,4760.16,371.57,2461.92,3010.18,0,4000,100.14,248.4,44.85,0,0,862308,4354.84,0,1,0
282,10/09/2021,86379.56,29573.84,5165.76,372.51,2466.25,3259.29,0,1500,65.73,240.24,50.07,0,0,9938,4354.84,0,2,0
283,10/10/2021,64205.8,28484.82,5624.37,379.56,2471.66,3125.97,0,11000,16.41,252.84,46.03,0,0,6143,4354.84,0,3,0
284,10/11/2021,76880.4,28816.94,5283.56,447.48,2474.53,3132.82,0,0,44.36,253.57,60.81,0,0,4834,4354.84,0,4,0
285,10/12/2021,163518.64,30061.18,5983.58,498.5,2475,3075.2,0,8083,67.18,252.67,54.84,0,0,1043424,4354.84,0,5,0
286,10/13/2021,78477.61,29896.96,5248.66,544.66,2475,3712.56,0,500,26.65,250.91,46.21,0,0,6697,4354.84,0,6,0
287,10/14/2021,90321.32,30529.49,5413.74,496.93,2467.08,3657.12,0,0,16.36,249.72,41.24,0,0,5341,4354.84,0,7,0
288,10/15/2021,186725.56,40241.52,6332.86,455.23,2149.68,3234.79,0,1000,64.94,249,34.91,0,0,1683414,4354.84,0,8,0
289,10/16/2021,148049.99,43910.18,6594.33,432.95,2150,3286.79,0,0,58.86,241.29,39.78,0,0,9178,4354.84,0,9,0
290,10/17/2021,126966.54,45065,7141.8,508.7,2109.82,3380.78,0,0,54.1,253.85,41.57,0,0,11123,4354.84,0,10,0
291,10/18/2021,151022.65,45834.19,6787.68,646.68,2123.52,3581.62,0,5000,36.79,252.37,42.45,0,0,784933,4354.84,0,11,0
292,10/19/2021,141757.81,50511.9,7092.29,707.43,2398.41,3344.43,0,9000,36.33,244.18,42.14,0,0,10888,4354.84,0,12,0
293,10/20/2021,147508.84,53722.99,6939.78,716.85,2549.64,3387.98,0,3500,87.48,249.65,37.25,0,0,1166377,4354.84,0,13,0
294,10/21/2021,117328.2,53304.6,7853.02,600.52,2548.76,3649.89,0,12500,307.87,246.3,53.57,0,0,9219,4354.84,0,14,0
295,10/22/2021,167132.58,47549.91,7269.59,618.92,2550,3105.48,0,2000,199.1,248.13,41.3,0,0,799573,4354.84,0,15,0
296,10/23/2021,186261.85,45271.3,7237.32,396.41,2549.99,3406.27,0,37500,199.39,255.52,49.44,0,0,12517,4354.84,0,16,0
297,10/24/2021,184688.87,41167.56,8164.2,498.95,2550,3337.24,0,0,131.67,251.73,51.84,0,0,802435,4354.84,0,17,0
298,10/25/2021,128659.43,31453.86,8378.56,628.62,2550,3764.67,0,9583,72.9,238.92,64.34,0,0,791662,4354.84,0,18,0
299,10/26/2021,122635.71,35358.12,8291.42,581.98,2549.37,4093.18,0,2500,103.48,251.65,50.66,0,0,11031,4354.84,0,19,0
300,10/27/2021,163532.66,35664.25,9249.02,711.57,2545.38,4543.88,0,0,90.7,252.76,57.92,0,0,897194,4354.84,0,20,0
301,10/28/2021,163434.46,36348.43,8721.71,633.67,2590.04,4119.15,0,8450,79.44,245.57,80.35,0,0,10538,4354.84,0,21,0
302,10/29/2021,161704.66,36470.81,8148.56,626.99,3622.21,4244.63,0,1500,57.91,248.43,84.68,0,0,166413,4354.84,0,22,0
303,10/30/2021,105600.17,38973.48,7662.13,526.48,3549.89,4676.96,0,583,65.88,260.94,114.33,0,0,9554,4354.84,0,23,0
304,10/31/2021,101228.98,37788.3,8401.02,425.18,3545.84,4813.16,0,200,72.68,253.76,165.08,0,0,801694,4354.84,0,24,0
305,11/01/2021,157015.13,39991.13,10872.35,654.94,3541.05,4321.07,0,5000,1558.53,253.16,159.02,0,0,7972,8200,0,25,0
306,11/02/2021,141961.98,45930.67,10190.47,761.27,3548.74,4716.87,0,6000,1604.82,252.97,140.73,0,0,1116764,8200,0,26,0
307,11/03/2021,123777.62,45754.1,9696.29,780.66,3548.78,4144.54,0,7500,1575.74,251.63,117.68,0,0,813078,8200,0,27,0
308,11/04/2021,140718.81,50719.48,9525.44,850.1,3547.47,4794.74,0,16500,1603.55,249.63,131.25,0,0,167034,8200,0,28,0
309,11/05/2021,148394.28,58258.72,9339.35,890.96,3548.69,4087.72,0,0,1650.24,248.82,67.15,0,0,10401,8200,0,0,1
310,11/06/2021,121579.62,58964.03,9431.28,707.6,3538.53,4185.06,0,0,1630.89,240.03,58.71,0,0,739347,8200,0,0,2
311,11/07/2021,125050.73,49398.49,11393.28,751.99,3549.37,4402.55,600,0,1638.9,259.91,52.89,0,0,8837,8200,0,0,3
312,11/08/2021,805690.12,146945.3,24590.69,1287.19,7494.28,12038.3,600,15000,2514.14,252.28,96.25,2,0,1756657,8200,0,0,4
313,11/09/2021,168979.1,48912.89,14280.97,986.1,10798.19,5519.3,600,37000,1716.38,247.06,119.98,0,0,1064664,8200,0,0,5
314,11/10/2021,145205.15,49354.99,13244.53,1023.26,3550,5529.96,600,21000,1628.97,244.51,91.71,0,0,837731,8200,0,0,6
315,11/11/2021,177923.2,49355.14,12556.81,1198.76,3550,6139.85,600,25250,1733.05,239.57,141.39,0,0,1050353,8200,0,0,7
316,11/12/2021,141994.36,46790.14,12838.23,1134.33,3456.45,5941.47,600,44500,1623.16,246.95,93.28,0,0,10512,8200,0,0,8
317,11/13/2021,163405.84,76329.29,11879.85,841.19,4927.85,8230.71,600,14000,1676.08,259.72,88.23,0,0,11552,8200,0,0,9
318,11/14/2021,146321.63,89773.93,14489.27,933.93,4955.72,8931.22,600,16500,1701.59,249.78,114.09,0,0,10495,8200,0,0,10
319,11/15/2021,284369.8,91029.69,15500.43,1208.84,5000.9,8980.59,600,16500,1725.11,242.77,142.2,0,0,1033762,8200,0,0,11
320,11/16/2021,206002.77,94953.37,15963.97,1286.94,5043.71,9119.93,900,6400,1636.37,255.56,176.79,0,0,13366,8200,0,0,12
321,11/17/2021,151689.24,86175.84,14701.03,1044.18,5262.84,9116.67,900,0,1607.5,253.85,165.09,0,0,895107,8200,0,0,13
322,11/18/2021,169677.89,89688.54,16101.74,1072.58,5594.42,9236.26,900,11500,1634.18,251.64,136.61,0,0,13643,8200,0,0,14
323,11/19/2021,232715.76,93064.25,15015.64,1099.03,5585.69,9305.52,900,4000,1659.22,246.95,79.57,0,0,15226,8200,0,0,15
324,11/20/2021,173819.95,84726.67,17415.96,867.21,5094.7,8036.24,900,1500,1720.5,249.45,63.17,0,0,847678,8200,0,0,16
325,11/21/2021,182207.95,64604.67,17519.53,1082.88,5124.37,7480.73,900,6500,1738.36,252.17,46.01,0,0,13230,8200,0,0,17
326,11/22/2021,362736.5,54451.16,16977.72,1428.67,5124.56,8500,900,59000,1694.37,252.56,64,0,0,1424769,8200,1,0,18
327,11/23/2021,230268.22,58168.3,15899.19,1372.56,5145.06,8500,900,36200,1761.4,250.78,54.63,0,0,11436,8200,2,0,19
328,11/24/2021,252427.47,73570.08,17367.99,1207.64,5140.31,8500,1281.69,10500,1781.86,242.74,69.49,0,0,37988,8200,3,0,20
329,11/25/2021,311010.24,94269.4,24108.11,1063.98,5110.66,9460.41,2603.94,0,1785.33,252.83,49.1,1.5,0,935027,8200,4,0,21
330,11/26/2021,1391773.5,265473.9,62674.35,2024.82,21321.47,39550,5120.1,0,3486.34,247.55,184.42,2,0,2568996,8200,5,0,22
331,11/27/2021,552825.64,165161.45,43960.57,1390.14,22257.28,24560.63,5494.4,0,2539.99,251.37,356.3,2,0,1332441,8200,6,0,23
332,11/28/2021,444123.03,138344.27,37286.47,1817.37,13200.95,24549.97,5605.83,6000,2272.61,252.45,489.72,2,0,2083525,8200,7,0,24
333,11/29/2021,883284.61,219713.36,60111.86,3523.28,17146.23,24549.76,7000,8800,2758.73,243.54,812.29,2,0,1847695,8200,8,0,25
334,11/30/2021,260216.74,102355.47,33298.84,2247.02,17157.73,14549.87,1500,8000,2127.34,254.19,877.91,0,0,1983626,8200,9,0,26
335,12/01/2021,204386,82719.09,20474.83,2159.5,5145.83,9550.28,1500,20000,1792.93,248.24,591.02,0,0,68702,9709.68,10,0,27
336,12/02/2021,253793.95,83103.24,19822.56,2355.53,5132.94,9519.51,1500,11500,1774.24,247.84,773.97,0,0,22036,9709.68,11,0,28
337,12/03/2021,210435.84,85412.48,19219.2,2152.34,5074.86,9495.47,1500,6000,1805.28,255.77,677.76,0,0,940178,9709.68,12,0,0
338,12/04/2021,226408.54,88927.12,20710.5,1807.55,5018.33,9931.27,1500,0,1697.57,247.97,217.11,0,0,17885,9709.68,13,0,0
339,12/05/2021,230354.81,85375.22,23084.78,1747.11,5087.38,10000,1500,6500,1778.12,251.82,202.34,0,0,16150,9709.68,14,0,0
340,12/06/2021,266352.73,85703.59,23295.76,2170.49,5103.28,9919.23,1500,26000,1901.87,252.51,182.53,0,0,970200,9709.68,15,0,0
341,12/07/2021,306446.7,85927.83,26177.51,2341.8,5128.29,9970.22,1491.57,12000,1798.84,252.4,125.41,0,0,1640925,9709.68,16,0,0
342,12/08/2021,270705.45,87467.04,27348.54,2294.25,5141.21,10000,1500,2500,1840.56,251.74,258.98,0.5,0,44352,9709.68,17,0,0
343,12/09/2021,308955.24,92327.07,36016.73,2539.6,5123.71,10000,1500,8750,1968.67,251.45,137.15,1,0,225376,9709.68,18,0,0
344,12/10/2021,301242.25,96178.07,33925.36,2365.92,5135.45,10000,1500,49500,1913.72,249.85,222.89,1,0,21662,9709.68,19,0,0
345,12/11/2021,348328.68,101749.86,37115.62,1911.85,5134.98,10000,1500,4500,1839.47,240.23,189.3,1,0,1366955,9709.68,20,0,0
346,12/12/2021,304099.7,97447.24,34963.09,1812.19,5160.06,10000,1500,0,1817.26,253.11,207.05,1,0,19014,9709.68,21,0,0
347,12/13/2021,290647.09,97707.29,33654.55,2526.77,5161.75,10000,1500,25500,1884.62,249.88,679.11,1,0,20539,9709.68,22,0,0
348,12/14/2021,316910.39,89424.38,32474.8,2397.76,4850.76,8649.37,1500,12250,1953.02,243.51,121.3,0,0,1155096,9709.68,23,0,0
349,12/15/2021,184237.57,79301.27,28934.28,2151.64,4830.58,5000.76,1500,20250,1729.54,249,114.61,0,0,18524,9709.68,24,0,0
350,12/16/2021,165335.03,75113.74,27265,1882.91,4776.54,5000,1500,0,1666.5,250.96,79.46,0,0,988907,9709.68,25,0,0
351,12/17/2021,144005.76,77103.48,24089.59,1966.07,4763.24,5000,1500,0,1629.28,248.94,112.44,0,0,1270389,9709.68,26,0,0
352,12/18/2021,130025.71,81545.94,22632.49,1440.41,4359.04,5000,1500,0,1677.23,254.6,212.35,0,0,10981,9709.68,27,0,0
353,12/19/2021,122325.31,74842.88,19510.94,1386.39,4352.93,5000,1500,0,1630.07,252.35,89.53,0,0,11275,9709.68,28,0,0
354,12/20/2021,88489.45,51586.95,16739.29,1639.87,4335.51,5000,1500,1500,1557.82,244.4,92.3,0,0,13663,9709.68,0,0,0
355,12/21/2021,74859.52,37813.13,12804.75,1637.62,4167.2,5000,700,0,1569.5,253.65,75.08,0,0,996292,9709.68,0,0,0
356,12/22/2021,83684.53,24631.07,9989.87,1184.06,2473.54,1400.66,700,12500,1568.97,249.82,115.78,0,0,689178,9709.68,0,0,0
357,12/23/2021,69408.56,25108.48,8296.91,933.24,2466.61,1400,700,0,1541.07,252.99,122.31,0,0,1001900,9709.68,0,0,0
358,12/24/2021,62383.09,25524.99,6808.45,566.97,2465.17,1400,700,0,1490.29,250.2,88.07,0,0,4907,9709.68,0,0,0
359,12/25/2021,83892.84,26056.78,7983.89,798.18,2443.05,1400,700,0,1525.62,246.59,53.81,0,0,4536,9709.68,0,0,0
360,12/26/2021,187167.14,30035.23,8386.01,837.1,2474.73,1400,700,0,1634.74,252.45,191.25,1.5,0,1111208,9709.68,0,0,0
361,12/27/2021,222191.64,27637.73,8840.11,1014.19,2517.55,1400,700,0,1875.79,251.8,247.57,1.5,0,747878,9709.68,0,0,0
362,12/28/2021,115918.41,24268.84,7468.18,868.94,2552.35,1499.58,700,0,1932.87,251.51,265.33,1.5,0,11123,9709.68,0,0,0
363,12/29/2021,107659.19,24123.81,7572.16,793.6,2555.02,2000,700,0,1576.6,247.12,244.67,1.5,0,1099023,9709.68,0,0,0
364,12/30/2021,110155.06,24763.34,7703.05,792.22,2558.29,1400,700,0,1547.45,246.1,266.25,1.5,0,32142,9709.68,0,0,0
365,12/31/2021,126389.67,25575.66,7809.09,635.82,2546.5,1400,700,0,1556.83,252.86,246.96,1.5,0,988525,9709.68,0,0,0
366,01/01/2022,110229.93,24539.98,9048.63,725.22,2537.96,1400,700,0,1535.86,248.16,348.52,1.5,0,1096973,5322.58,0,0,0
367,01/02/2022,144004.5,21123.94,8891.9,674.15,2600,1400,700,0,1524.31,252.19,337.62,1.5,0,27325,5322.58,0,0,0
368,01/03/2022,52391.35,16879.55,6632.93,696.14,2600,1411.18,539.97,0,1473.65,243.52,244.37,0,0,9163,5322.58,0,0,0
369,01/04/2022,57695.5,18923.18,6262.45,691.52,2548.62,1424.99,0,0,1465.31,252.29,152.33,0,0,896369,5322.58,0,0,0
370,01/05/2022,59823.9,21286.29,7397.35,705.58,2521.65,1424.97,0,6000,1478.67,251.73,145.35,0,0,52171,5322.58,0,0,0
371,01/06/2022,169957.23,22959.48,7510.24,699.45,2518.25,1424.98,700,0,32.24,244.02,152.44,0,0,6071,5322.58,0,0,0
372,01/07/2022,93091.56,24059.61,7309.09,659.07,2504.94,1500,700,0,22.47,249.34,99,0,0,7270,5322.58,0,0,0
373,01/08/2022,77949.41,24754.05,8531.9,526.9,2511.37,1499.8,700,0,69.59,256.91,93.82,0,0,725938,5322.58,0,0,0
374,01/09/2022,69563.42,23467.36,7724.88,630.33,2531.11,1499.6,700,0,80.6,252.06,138.16,0,0,6296,5322.58,0,0,0
375,01/10/2022,203007.45,25343.95,7571.05,763.82,2259.11,1484.39,700,2500,45.56,252.52,74.8,0,0,739191,5322.58,0,1,0
376,01/11/2022,105343.5,26755.04,7364.67,725.87,2002.72,1499.72,700,9000,49.42,245.39,98.44,0,0,13563,5322.58,0,2,0
377,01/12/2022,138045.37,28057.35,7250.37,700.27,2017.22,1499.78,1050,3000,30.63,241.4,102.24,0,0,1112251,5322.58,0,3,0
378,01/13/2022,113858.24,30168.53,6883.57,638.65,2027.27,1499.06,1050,1100,47.77,245.26,64.76,0,0,10158,5322.58,0,4,0
379,01/14/2022,247035.98,36475.67,7557.15,594.62,2045.52,1498.24,1046.36,4800,273.16,251.74,51.48,2,0,1097372,5322.58,0,5,0
380,01/15/2022,221664.98,38246.21,8784.19,583.64,2077.94,1499.17,1050,0,465.27,261.63,102.74,2,0,730129,5322.58,0,6,0
381,01/16/2022,147686.31,37859.35,8569.68,640.8,2096.39,1499.31,1050,1200,214.71,247.12,101.04,2,0,11198,5322.58,0,7,0
382,01/17/2022,135306.78,44778.87,8604.02,574.26,2090.64,1499.59,1050,900,73.42,240.87,139.22,2,0,8903,5322.58,0,8,0
383,01/18/2022,127651.31,59001.44,8783.77,719.26,2091.1,1499.35,1044.9,8000,84.84,247.08,147.61,2,0,670064,5322.58,0,9,0
384,01/19/2022,121329.67,57790.76,9800.68,683.37,2153.52,1499.45,1050,0,81.95,253.89,156.36,2,0,9929,5322.58,0,10,0
385,01/20/2022,219970.56,58108.85,10625.5,844.54,2567.85,1499.42,1050,0,96.8,254.64,146.83,2,0,1126074,5322.58,0,11,0
386,01/21/2022,104693.5,46001.41,9648.09,796.79,2555.64,1499.16,1365.01,7050,74.58,246.8,68.95,0,0,1009555,5322.58,0,12,0
387,01/22/2022,106543.44,40447.65,8148.65,627.59,2557.07,1499.39,1543.96,10000,98.33,259.6,66.44,0,0,9387,5322.58,0,13,0
388,01/23/2022,87614.86,26106.07,8772.46,710.11,2586.43,1499.68,1549.39,0,43.62,254.56,161.41,0,0,1011135,5322.58,0,14,0
389,01/24/2022,65776.75,26768.52,7952.65,795.37,2584.57,1499.76,1550,1000,49.97,241.04,155.35,0,0,9792,5322.58,0,15,0
390,01/25/2022,71772.32,27066.54,8923.8,938.98,2556.61,1499.58,1549.96,0,59.45,241.96,113.42,0,0,998532,5322.58,0,16,0
391,01/26/2022,73377.13,24667.32,7733.25,865.07,2845.55,1494.75,1550,0,53.17,253.42,117.03,0,0,6328,5322.58,0,17,0
392,01/27/2022,85186.61,23431.36,7090.34,771.78,1431.83,1275.9,1550,5750,78.4,254.01,117.25,0,0,667800,5322.58,0,18,0
393,01/28/2022,85134.5,23728.43,7820.48,682.99,500.14,1274.96,1550,7200,76.23,255.02,79.32,0,0,6703,5322.58,0,19,0
394,01/29/2022,88289.57,23139.93,8482.92,642.98,499.92,1275,1550,2500,74.2,249.99,64.44,0,0,262303,5322.58,0,20,0
395,01/30/2022,93039.8,22705,8138.95,710.39,499.92,1275,1549.94,2800,38.83,251.63,105.57,0,0,1003666,5322.58,0,21,0
396,01/31/2022,78590.33,21886,6669.57,778.61,500,1274.91,1546.6,5000,79.57,242.24,108.67,0,0,7917,5322.58,0,22,0
397,02/01/2022,67104.08,22353.3,7112.54,720.73,499.8,1274.87,1550,0,1190.65,252.13,115.18,0,0,1001525,4821.43,0,23,0
398,02/02/2022,77718.04,23419.54,7030.81,678.51,499.31,1274.91,1550,0,4781.1,248.99,120.93,0,0,4439,4821.43,0,24,0
399,02/03/2022,95634.14,25493.32,8480.81,700.35,299.99,715.66,1550,0,4700.26,249.07,135.79,0,0,1000468,4821.43,0,25,0
400,02/04/2022,94093.72,26913.43,8172.17,850.03,300,500.32,1550,0,4741.4,245.5,104.47,0,0,9257,4821.43,0,26,0
401,02/05/2022,88489.85,27109.42,9111.47,655.76,300,499.93,1550,0,4700.83,260.44,78.14,0,0,999673,4821.43,0,27,0
402,02/06/2022,91267.36,26467.91,10412.13,761.01,300,499.83,1547.94,0,4708.36,251.59,105.39,0,0,5451,4821.43,0,28,0
403,02/07/2022,119471.57,29527.66,8199.66,751.73,299.98,499.27,1550,16500,4803.54,252.81,77.49,0,0,181823,4821.43,0,0,0
404,02/08/2022,139106.29,35244,9078.35,659.19,300,500,1197.32,3500,4767.28,242.6,67.7,0,0,1094173,4821.43,0,0,1
405,02/09/2022,181011.51,39790.56,9259,780.86,343.56,499.58,1048.38,4000,4787.78,249.36,135.09,0,0,734973,4821.43,0,0,2
406,02/10/2022,128274.89,41106.79,8642.92,657.18,299.04,499.05,1050,2500,4833.7,246.43,121.81,0,0,722930,4821.43,0,0,3
407,02/11/2022,111385.47,40645.31,8796.96,730.3,299.39,499.55,1050,8800,4723.93,254.51,130.27,0,0,6981,4821.43,0,0,4
408,02/12/2022,122949.21,41138.46,9054.88,631.28,299.22,499.99,1050,0,4673.61,252.7,101.88,0.25,0,1090243,4821.43,0,0,5
409,02/13/2022,128011.46,40481.36,9248.34,659.19,298.32,499.92,1050,3700,4730.42,243.21,94.41,0.25,0,6599,4821.43,0,0,6
410,02/14/2022,104264.01,47480.81,7977.32,726.36,299.98,499.83,1050,0,4678.19,245.14,138.34,0.25,0,1071943,4821.43,0,0,7
411,02/15/2022,108715.9,52547.58,8687.99,733.35,298.71,500,1047.02,8000,4692.67,252.83,141.48,0,0,6143,4821.43,0,0,8
412,02/16/2022,159500.67,56906.29,9262.42,865.6,298.72,500,1050,30100,4674.37,250.85,131.39,0,0,1436909,4821.43,0,0,9
413,02/17/2022,119210.44,55604.47,9129.03,879.51,300,500,1050,2900,4664.51,255.03,178.68,0,0,9444,4821.43,0,0,10
414,02/18/2022,106184.02,45034.75,8064.07,790.42,300,500,1050,4800,4690.21,248.87,143.99,0,0,8192,4821.43,0,0,11
415,02/19/2022,110646.86,41603.28,9988.93,709.68,300,500,1050,0,4666.54,254.07,151.31,0,0,7281,4821.43,0,0,12
416,02/20/2022,110939.15,41340.11,9424.33,679.52,300,500,1048.64,0,4682.16,252.1,132.81,0,0,728158,4821.43,0,0,13
417,02/21/2022,103829.93,37802.46,9781.03,781.17,300,500,2100,1500,4689.25,247.9,125.79,0,0,7657,4821.43,0,0,14
418,02/22/2022,154665.35,33048.34,7927.63,833.73,300,499.58,2100,6700,4824.08,246.23,152.54,0.25,0,1131454,4821.43,0,0,15
419,02/23/2022,83322.62,32218.93,7965.84,896.78,299.41,499.61,2100,0,7554.98,249.8,139.2,0,0,7727,4821.43,0,0,16
420,02/24/2022,79596.95,32473.11,7533.34,786.58,299.12,499.92,2100,12000,7528.38,252.21,133.11,0,0,9584,4821.43,0,0,17
421,02/25/2022,98821.65,31520.61,7373.09,811.78,297.12,499.88,2100,3000,7542.09,253.95,108.45,0,0,728032,4821.43,0,0,18
422,02/26/2022,95477.47,28977.67,8196.73,694.29,298.16,499.63,2100,0,7555.2,247.81,115.28,0,0,22864,4821.43,0,0,19
423,02/27/2022,89228.24,29509,7065.02,624.61,299.15,499.57,2099.39,0,7556.4,253.66,90.8,0,0,6188,4821.43,0,0,20
424,02/28/2022,96775.61,29482.96,6229.41,761.83,297.76,499,2098.8,0,7571.03,247.27,120.52,0,0,989416,4821.43,0,0,21
425,03/01/2022,157045.27,37109.89,7400.43,1009.58,297.98,499.25,2099.98,7500,6481.09,252.03,131.3,0,0,220992,6483.87,0,0,22
426,03/02/2022,124235.53,41619.85,7305.48,955.51,297.25,499.36,2072.69,7500,8655.78,244.63,151.25,0,0,512832,6483.87,0,0,23
427,03/03/2022,118842.78,44976.33,6785.62,807.44,298.55,500,2099.24,4000,8643.46,245.06,176.81,0,0,626436,6483.87,0,0,24
428,03/04/2022,142945.01,49723.15,6781.91,930.3,300,500,2100,7750,8649.41,256.17,152.92,0,0,8712,6483.87,0,0,25
429,03/05/2022,155249.62,49082.45,9205.89,1086.89,298.85,500,2100,2500,8616.92,251.18,140.3,0,0,177047,6483.87,0,0,26
430,03/06/2022,155586.52,48852.76,9963.33,1087.61,300,500,2100,0,8663.92,253.35,179.14,0,0,985326,6483.87,0,0,27
431,03/07/2022,103036.8,48296.1,6588.73,878.59,300,500,2100,2400,8636.58,243.27,140.08,0,0,7956,6483.87,0,0,28
432,03/08/2022,100631.05,47739.47,7655.56,970.38,1098.97,500,2099.79,2500,8631.28,242.04,148.56,0,0,439144,6483.87,0,0,0
433,03/09/2022,94527.26,46518.28,7723.43,939.86,1133.63,500,2100,1100,8588.42,246.53,140.25,0,0,8287,6483.87,0,0,0
434,03/10/2022,106578.25,43635.07,7987.22,998.84,1149.01,487.31,2099.62,6300,8622.5,256.44,112.2,0,0,7071,6483.87,0,0,0
435,03/11/2022,167337,43678.8,8183.68,1006.32,1147.56,500,2097.69,500,8627.4,257.44,130.5,0,1,1144138,6483.87,0,0,0
436,03/12/2022,126459.43,44159.18,10368.44,991.38,1188.14,500,2100,0,8626,250.93,137.69,0,0,24870,6483.87,0,0,0
437,03/13/2022,107470.41,41986.68,9633.09,959.99,1191.53,500,2099.84,11500,8661.27,240.41,199.42,0,0,129971,6483.87,0,0,0
438,03/14/2022,110459.24,39932.45,9004.49,1151.39,1098.67,500,2771.49,0,8597.18,253.17,133.81,0,0,10293,6483.87,0,0,0
439,03/15/2022,236225.23,36640.48,10634.31,1428.44,1122.57,500,2800,30000,8631.73,253.58,213.22,0,0,1816595,6483.87,0,1,0
440,03/16/2022,152166.28,34427.94,9525.56,1233.21,1100.18,500,2800,17250,8636.82,246.42,245.3,0,0,317031,6483.87,0,2,0
441,03/17/2022,124660.96,35210.23,9804.23,832.15,1114.76,545.76,4499.68,0,8642.23,250.35,162.92,0,0,54276,6483.87,0,3,0
442,03/18/2022,168219.13,35552.66,11528.49,794.3,1090.21,549.72,4498.05,5000,8623.88,255.8,185.61,0,0,446682,6483.87,0,4,0
443,03/19/2022,142434.69,35048.66,11439.15,661.62,1081.02,550,4489.79,3500,8623.2,250.27,218.38,0,0,997069,6483.87,0,5,0
444,03/20/2022,157289.14,35228.23,11696.78,578.86,1097.84,550,4498.12,1200,8656.16,252.32,188.89,0,0,1592306,6483.87,0,6,0
445,03/21/2022,114397.94,35496.96,10448.51,726.69,1080.71,550,4499.08,11500,8759.33,246.38,195.28,0,0,6977,6483.87,0,7,0
446,03/22/2022,92221.05,31555.33,10668.37,872.73,1057.2,550,4499.04,11000,8606.44,251.43,150.63,0,0,6948,6483.87,0,8,0
447,03/23/2022,113344.48,26787.54,10910.69,708.6,1048.2,427.06,4498.49,7300,6467.74,243.95,145.69,0,0,773923,6483.87,0,9,0
448,03/24/2022,187655.91,27987.23,10219.03,770.77,1037.3,383.57,4411.15,4500,6544.51,253.98,146.63,0,1,7050,6483.87,0,10,0
449,03/25/2022,185945.42,27947.33,10095.5,809.83,1053.88,372.84,4492.95,4200,6529.17,254.54,134.04,1,0,1841826,6483.87,0,11,0
450,03/26/2022,172992.42,27436.33,12582.12,653.5,1068.76,440.19,4495.38,0,6473.85,247.4,127.25,0,0,7379,6483.87,0,12,0
451,03/27/2022,191655.87,27596.42,12594.45,781.12,1102.41,267.97,4498.63,5500,6509.87,252.11,127.01,0,0,1145379,6483.87,0,13,0
452,03/28/2022,113084.34,24890.08,10221.46,920.67,1076.92,341.37,4495.49,26900,6536.37,240.54,167.66,0,0,11310,6483.87,0,14,0
453,03/29/2022,130487.02,23666.19,10006.7,1050.3,1069.42,344.72,3607.58,3000,6551.91,243.5,158.5,0,0,1291786,6483.87,0,15,0
454,03/30/2022,176205.31,23159.8,8962.64,925.01,1099.6,384.48,2829.53,44000,4366.6,243.35,122.42,0,0,8421,6483.87,0,16,0
455,03/31/2022,113077.14,22436.84,9233.07,946.96,1087.74,456.24,3000,4750,4329.31,255.49,138.16,0,0,1043918,6483.87,0,17,0
456,04/01/2022,126237.89,24550.33,9123.74,882.22,1051.72,699.93,2998.92,31800,4334.84,255.48,179.89,0,0,1045374,5500,0,18,0
457,04/02/2022,133442.52,26143.08,9593.14,716.56,1030.57,500.46,2997.19,0,4360.47,259.53,145.97,0,0,73675,5500,0,19,0
458,04/03/2022,156296.56,25520.41,10533.95,681.73,1076.26,500,2999.06,0,4354.48,261.18,194.3,0,0,1394018,5500,0,20,0
459,04/04/2022,95824.66,24467.74,8252.8,923.26,1077.84,500,2996.99,3500,4328.84,249.29,160.3,0,0,7117,5500,0,21,0
460,04/05/2022,103739.61,24079.48,8305.52,768.98,1221.67,500,2991.23,8000,64.46,248.7,226.34,0,0,1043923,5500,0,22,0
461,04/06/2022,133751.55,24951.23,8076.69,679.92,1214.14,500,2997.1,4750,99.2,237.75,163.28,0,0,156486,5500,0,23,0
462,04/07/2022,150820.17,27340.51,8114.41,1252.11,1215.47,500,2992.66,0,120.5,250.92,166.14,1,0,1751525,5500,0,24,0
463,04/08/2022,269033.54,28121.66,7009.57,1111.46,1225.25,500,2998.77,14200,178.31,250.84,163.63,0,1,7007,5500,0,25,0
464,04/09/2022,115290.27,29870.53,7150.84,1085.94,1243.81,499.99,4454.82,2500,68.07,251.32,137.92,0,0,1041747,5500,0,26,0
465,04/10/2022,120654.45,32588.33,7731.77,867.67,1246.87,500,4495.11,2500,87.07,255.96,142.28,0,0,5602,5500,0,27,0
466,04/11/2022,163882.59,32679.81,9382.51,829.03,1235.09,499.99,4486.25,22000,126.14,260.1,181.06,0,0,1135764,5500,0,28,0
467,04/12/2022,136163.98,31642.35,8410.96,847.78,1241.31,500,4489.33,24900,40.54,252.37,142.76,0,0,6383,5500,0,0,0
468,04/13/2022,127262.53,32441.12,7957.52,677.85,1222.8,500,4480.7,6000,182.8,245.6,191.16,0,0,251123,5500,0,0,0
469,04/14/2022,137093.04,33046.76,8827.25,725.19,1222.01,500,4492.68,14100,434.56,245.1,171.19,0,0,434411,5500,0,0,0
470,04/15/2022,135855.94,32781.11,10109.04,567.59,1181.23,500,4497.83,5000,664.1,243.62,116.09,0,0,6493,5500,0,0,0
471,04/16/2022,189847.09,33479.79,8562.04,510.56,1216.56,500,4494.12,11500,437.46,247.25,191.7,0,0,1561656,5500,0,0,0
472,04/17/2022,163478.09,34719.98,8200.23,687.51,1235.53,500,4487.2,0,67.67,265.7,259.6,0,0,467021,5500,0,0,0
473,04/18/2022,103875.26,34226.74,9126.18,1271.05,1228.62,500,5769.14,5500,39.41,252.22,318.8,0,0,63934,5500,0,0,0
474,04/19/2022,117202.38,33057.36,8906.22,1109.39,1215.02,499.99,6498.31,15000,180.93,252.17,237.78,0,0,201556,5500,0,0,0
475,04/20/2022,144267.06,26912.43,8411.92,984.31,1226.02,500,4245.66,12850,77.23,247.28,223.62,0,0,497824,5500,0,0,0
476,04/21/2022,145463.26,27038.69,8514.71,915.44,1226.57,499.94,4246.42,6000,199.47,245.53,230.88,0,0,1305954,5500,1,0,0
477,04/22/2022,230916.38,27866.56,7687.92,936.95,1222.5,500,4248.26,1500,153.34,244.27,206.09,0,1,484409,5500,2,0,0
478,04/23/2022,143405.43,28167.96,8794.07,674.97,1219.83,500,4243.96,10500,25.07,242.83,246.58,0,0,5725,5500,3,0,0
479,04/24/2022,139005.91,30250.26,9562.13,676.24,1248.94,500,4241.57,0,218.56,265.2,284.28,0,0,245587,5500,4,0,0
480,04/25/2022,108623.64,29140.06,9156.62,948.55,1254.81,499.99,4243.92,2200,42.74,253.23,273.06,0,0,6392,5500,5,0,0
481,04/26/2022,119921.61,25514.06,9362.4,1031.83,1227.43,499.98,4246.46,4000,290.55,252,254.12,0,0,993884,5500,6,0,0
482,04/27/2022,138107.43,22379.93,8767.42,734.14,1202.07,500,4242.62,6000,136.41,246.95,287.02,0,0,6523,5500,7,0,0
483,04/28/2022,131482.07,22346.52,9427.09,976.06,1217.59,488.33,4239.37,0,133.69,244.9,273.39,0,0,245830,5500,8,0,0
484,04/29/2022,159721.04,22271.13,9596.04,1057.69,1065.24,469.97,4248.5,2000,95.46,242.72,323.54,0,0,307257,5500,9,0,0
485,04/30/2022,165472.25,22897.25,10431.6,748.54,1147.3,470,4249.72,0,60.22,245,320.47,0,0,1069439,5500,10,0,0
486,05/01/2022,257666.7,24487.57,12985.9,1007.49,1222.81,469.99,4246.74,5000,226.56,266.9,437.1,2,0,1028874,6483.87,11,0,0
487,05/02/2022,135914.21,23270.54,11494.68,1335.8,1224.08,500,4241.73,1500,154.93,253.82,445.14,0,0,7178,6483.87,12,0,0
488,05/03/2022,124312.17,24476.95,11466.09,1089.21,1104.88,500,4245.06,6000,191.01,248.67,501.47,0,0,207715,6483.87,13,0,0
489,05/04/2022,108204.74,26997.58,11623.89,1037.87,654.71,500,4245.55,5500,163.92,244.87,435.78,0,0,826248,6483.87,14,0,0
490,05/05/2022,120478.97,27199.35,10412.77,1016.74,651.7,499.99,4248.52,7000,91.84,244.28,382.05,0,0,169796,6483.87,15,0,0
491,05/06/2022,125230.73,27639.53,10703.37,920.99,646.81,500,4248.97,6500,85.8,240.57,268.34,0,0,5769,6483.87,16,0,0
492,05/07/2022,137183.84,28577.54,11481.01,880.64,648.19,500,4249.76,4500,76.53,250.89,286.17,0,0,418852,6483.87,17,0,0
493,05/08/2022,125713.34,29659.44,12779.9,794.34,644.46,500,4245.9,0,117.6,266.52,357.68,0,0,6440,6483.87,18,0,0
494,05/09/2022,110740.38,27898.01,12308.03,1542.17,623.15,517.18,3675.04,800,261.17,256.46,241.28,0,0,761594,6483.87,19,0,0
495,05/10/2022,195785.73,28976.82,12309.94,1505.83,619.53,499.98,3493.3,2500,70.72,248.12,220.94,0,0,7931,6483.87,20,0,0
496,05/11/2022,129193.14,31031.88,11132.92,1513.85,638.71,500,3494.62,8500,139.82,239.55,208.63,0,0,7447,6483.87,21,0,0
497,05/12/2022,140022.41,31812.17,10690.85,1322.88,641.67,499.99,3497.66,15100,247.33,244.41,207.05,0,0,245700,6483.87,22,0,0
498,05/13/2022,187741.59,32254.63,10410.38,1610.37,634.23,499.98,3490.38,5300,183.39,246.27,190.64,0,0,1044123,6483.87,23,0,0
499,05/14/2022,186781.7,32828.64,12979.14,1319.69,643.24,500,3497.81,3500,59.56,248.67,99.38,0,0,559729,6483.87,24,0,0
500,05/15/2022,202419.29,35433.54,14774.76,1260.99,658.9,500,3494.98,0,85.27,270.31,104.01,0,0,791258,6483.87,25,0,0
501,05/16/2022,185166.34,35743.72,11936.38,1589.61,668.76,499.98,3185.09,3900,432.4,258.03,171.32,0,0,1154428,6483.87,26,0,0
502,05/17/2022,182701.85,38116.42,10884.67,1347.34,668.86,499.99,2999.46,6000,133.2,250.33,212.46,0,0,97807,6483.87,27,0,0
503,05/18/2022,170938.89,38091.39,11705.53,582.71,653.89,500,2999.14,0,505.08,244.07,181.93,0,0,8446,6483.87,28,0,0
504,05/19/2022,165482.84,37201.32,11899.56,0,652.33,500,2999.66,9050,418.65,237.53,114.93,0,0,6846,6483.87,0,0,0
505,05/20/2022,173140.64,39747.5,11647.66,0,649.32,500,2997.84,21000,181.97,237.57,84.29,0,0,886127,6483.87,0,0,0
506,05/21/2022,205272.27,45256.62,14694.24,0,652.44,500,2993.75,14500,233.7,252.16,92.51,0,0,8207,6483.87,0,0,0
507,05/22/2022,244314.45,48503.24,17296.45,0,667.07,499.96,2991.59,2000,151.25,270.64,70.67,0,0,756788,6483.87,0,0,0
508,05/23/2022,182525,44781.15,12347.38,596.75,668.39,499.99,2985.59,8500,191.94,247.47,102.86,0,0,727801,6483.87,0,0,0
509,05/24/2022,160061.53,45128.29,12402.1,1367.78,664.95,499.93,3000,14000,125.58,253.64,110.26,0,0,125338,6483.87,0,0,0
510,05/25/2022,130172.67,44892.04,13253.42,1282.05,652.01,549.61,2990.47,0,98.82,247.85,128.27,0,0,6987,6483.87,0,0,0
511,05/26/2022,135890.64,43120.54,13909.12,1308.61,638.76,498.61,2992.82,0,117.21,236.29,65.17,0,0,474818,6483.87,0,0,0
512,05/27/2022,203400.62,45037.23,15820.46,1399.58,631.97,499.92,2999.62,16500,218.96,248.25,111.33,0.5,0,1082094,6483.87,0,0,0
513,05/28/2022,419318.57,48605.62,18227.2,993.97,663.34,500,2874.82,0,203.49,245.86,88.09,2,0,1435127,6483.87,0,0,0
514,05/29/2022,316629.5,52698.89,18468.18,1160.34,699.95,499.95,2967.33,0,381.78,269.45,64.31,2,0,418742,6483.87,0,0,0
515,05/30/2022,467007.13,50248.26,20236.09,1281.62,721.65,500,2999.33,0,889.62,260.93,96.07,2,0,969617,6483.87,0,0,0
516,05/31/2022,120980.79,44973.32,17271.86,1647.52,711.11,499.98,2994.5,500,194.44,248.77,114.02,0,0,13164,6483.87,0,0,0
517,06/01/2022,134102.93,42615.77,16702.84,1351.14,699.86,499.95,3495.87,7000,94.48,241.05,132,0,0,296197,6700,0,0,0
518,06/02/2022,130711.67,30653.56,15403.94,1386.84,678.28,500,2268.22,6500,211.24,241.45,118.15,0,0,800452,6700,0,0,0
519,06/03/2022,165628.32,26793.76,13722.11,1268.42,648.61,499.79,2195.83,21500,315.11,243.35,82.31,0,0,147721,6700,0,0,0
520,06/04/2022,150819.72,29983.56,15354.02,1063.9,641.72,500,2199.84,2000,349,244.94,39.42,0,0,489734,6700,0,0,0
521,06/05/2022,160269.97,33610.74,14764.31,1018.49,679.8,500,2195.29,4500,173.12,265.73,48.09,0,0,979263,6700,0,0,0
522,06/06/2022,121404.97,32523.32,12697.22,1475.01,678.25,500,2200,2250,315.08,255.7,76.66,0,0,808678,6700,0,0,0
523,06/07/2022,142340.14,31790.19,13177.83,1377.15,651.17,499.99,2199.78,22000,193.93,249.38,87.76,0,0,145236,6700,0,0,0
524,06/08/2022,192835.33,31659.2,13123.63,1161.15,660.46,499.73,2197.69,12600,312.7,247.04,78.13,0,0,958536,6700,0,0,0
525,06/09/2022,173520.8,30955.08,12355.12,1132.74,669.49,500,2199.14,15750,431.12,244.51,81.32,0,0,595167,6700,0,0,0
526,06/10/2022,280476.09,31373.45,12623.41,1024.61,669.4,500,2190.31,7000,271.66,246.06,36.31,0,1,866499,6700,0,0,0
527,06/11/2022,189911.07,31348.09,14967.91,835.62,648.32,500,2196.71,2000,495.63,241.58,39.72,0,0,9465,6700,0,0,0
528,06/12/2022,253015.71,33358.87,16705.39,1014.84,687.8,500,2122.38,0,591.65,263.33,42.04,0,0,1631650,6700,0,0,0
529,06/13/2022,154656.28,35566.73,13218.04,1399.34,694.78,500,2196.72,0,373.32,244.13,60.39,0,0,11270,6700,0,0,0
530,06/14/2022,246677.06,38902.9,14528.34,1586.75,700.08,500,2139.14,10700,2502.54,253.52,59.22,0,0,12172,6700,0,0,0
531,06/15/2022,190777.58,40868.18,14541.72,1305.31,729.54,537.88,1950.17,9100,2458.99,251.44,59.14,0,0,439303,6700,0,0,0
532,06/16/2022,277008.38,43170.68,14409.11,1266.58,718.29,520.01,1948.95,3500,1299.19,246.36,43.83,0,0,12022,6700,0,1,0
533,06/17/2022,424084.58,47996.98,17455.44,1397.91,674.17,519.99,1949.94,9500,1425.28,246.75,52.37,0,0,1628893,6700,0,2,0
534,06/18/2022,239272.42,49852.14,18099.03,992.55,667.25,520,1948.61,0,917.43,244.47,87.3,0,0,710184,6700,0,3,0
535,06/19/2022,202320.16,51888.15,18480.67,1443.31,667.91,520,1948.52,0,861.81,265.08,66.31,0,0,17232,6700,0,4,0
536,06/20/2022,166722.3,50443.72,16285.71,1847.18,688.06,519.97,2199.52,0,662.38,258.58,106.58,0,0,16067,6700,0,5,0
537,06/21/2022,174000.2,49817.74,16022.44,1956.5,685.6,520,2148.47,6000,778.93,251.1,90.01,0,0,1072086,6700,0,6,0
538,06/22/2022,176962.87,47769.05,13944.6,1825.41,659.53,500.11,2196.9,11500,806.06,241.79,114.8,0,0,835325,6700,0,7,0
539,06/23/2022,183879.85,49576.93,15374.52,1879.27,685.5,500,2161.14,8800,497.8,248.32,187.46,0,0,136070,6700,0,8,0
540,06/24/2022,231506.02,49376.58,15213.73,1570.46,671.35,500,2197.08,0,793.02,244.4,162.39,0,0,14008,6700,1,9,1
541,06/25/2022,189091.73,48608.51,16231.69,1103.97,653.53,500,2195.91,0,232.11,240.73,153.04,0,0,12840,6700,2,10,2
542,06/26/2022,201275.12,53335.36,18028.87,965.08,663.53,500,2177.56,14000,483.24,270.08,127.98,0,0,228400,6700,3,11,3
543,06/27/2022,278308.7,51045.19,17556.22,1428.08,669.41,493.7,2187.56,12300,788.58,260.93,164.83,0,0,1645567,6700,4,12,4
544,06/28/2022,169568.12,56987.37,15711.13,1293.74,684.71,499.99,2195.85,7000,626.45,250.8,171.26,0,0,17663,6700,5,13,5
545,06/29/2022,171225.67,51287.32,21076.56,1356.6,687.32,500,2196.01,0,489.1,235.14,135.95,0,0,771388,6700,6,14,6
546,06/30/2022,175381.87,53680.64,25941.24,1223.13,689.28,498.85,2199.08,0,584.21,244.87,114.2,0,0,13729,6700,7,15,7
547,07/01/2022,215865.51,53687.6,22743.15,1203.43,674.97,486.41,2196.75,0,641.22,243.29,135.02,0,0,14017,6483.87,8,16,8
548,07/02/2022,218137.73,54054.18,22148.5,862.32,685.37,487.52,2198.21,50000,262.98,244.89,104.85,0,0,810495,6483.87,9,17,9
549,07/03/2022,186728.74,58724.75,21185.94,748.49,691.59,486.93,2199.83,0,367.63,268.94,116.65,0,0,17006,6483.87,10,18,10
550,07/04/2022,211064.36,56460.88,22681.42,921.23,691.36,486.36,2199.74,0,289.22,258.85,85.33,0,0,168577,6483.87,11,19,11
551,07/05/2022,230612.49,52594.37,22085.27,1408.52,695.04,485.97,2197.22,38000,820.76,247.69,136.25,0,0,17396,6483.87,12,20,12
552,07/06/2022,191020.26,43664.99,20318.36,1356.62,711.66,486.14,2196.14,2000,419.47,244.72,114.87,0,0,1043416,6483.87,13,21,13
553,07/07/2022,145412.04,41373.5,15377.97,1360.14,689.91,486.02,2196.71,0,203.55,240.39,101.46,0,0,769146,6483.87,14,22,14
554,07/08/2022,255173.98,44090.96,17454.46,1511.87,676.58,499.64,2197.94,19000,455.88,236.89,65.6,0,0,1673751,6483.87,15,23,15
555,07/09/2022,178209.03,47362.49,20219.64,1305.55,690.55,470.81,2199.37,11000,164.77,252.52,106.29,0,0,10686,6483.87,16,24,16
556,07/10/2022,196904.71,42282.93,20472.61,1239.07,690.21,471.01,2198.4,8500,525.54,266.54,107.84,0,0,129135,6483.87,17,25,17
557,07/11/2022,132628.86,39216.87,18418.45,1340.18,701.05,470.97,2198.54,0,340.76,256.87,107.7,0,0,850464,6483.87,18,26,18
558,07/12/2022,175945.19,38214.26,17956.3,1479.9,716.11,478.29,2196.25,600,160.61,250.51,169.76,1,0,1139490,6483.87,19,27,19
559,07/13/2022,140238.77,38887.18,17547.36,1205.57,722.86,483.51,2199.53,800,71.18,247.29,228.21,0,0,134611,6483.87,20,28,20
560,07/14/2022,145472.83,39680.33,15988.06,1269.98,708.91,486.05,2134.17,12250,156.76,243.24,169.45,0,0,27541,6483.87,21,0,21
561,07/15/2022,380919.52,40089.56,16419.42,1221.66,683.5,491.31,1950.56,16750,206.87,244.46,131.09,0,1,1199773,6483.87,22,0,22
562,07/16/2022,143217.08,40263.28,16361.29,921.43,680.79,500,1949.5,5100,111.78,241.09,165.61,0,0,936672,6483.87,23,0,23
563,07/17/2022,170614.96,42026.55,17732.38,1122.6,680.54,500,1947.6,0,176.03,264.11,177.36,0,0,164452,6483.87,24,0,24
564,07/18/2022,119756.8,37085.56,16953.78,1353.03,679.11,499.98,2170.59,3150,242.09,251.52,166.54,0,0,850302,6483.87,25,0,25
565,07/19/2022,118094.22,35501.6,16324.07,1091.87,603.53,484.91,2198.61,0,127.66,251.5,139.17,0,0,138705,6483.87,26,0,26
566,07/20/2022,105192.68,28265.29,16566.5,950.79,600.02,399.02,2195.47,15000,125.39,247.19,200.26,0,0,10998,6483.87,27,0,27
567,07/21/2022,371030.72,27823.05,16080.19,1101.9,607.65,399.17,2198.42,19057.783,595.81,246.49,218.75,0,0,851917,6483.87,28,1,28
568,07/22/2022,217822.86,27425.91,15381.03,995.54,602.75,450.08,2199.24,18900,210.72,247.07,160.65,0,0,710655,6483.87,0,2,0
569,07/23/2022,150079.13,28200.95,15695.76,727.06,624.62,449.81,2198.16,0,99.54,242.12,165.89,0,0,10500,6483.87,0,3,0
570,07/24/2022,184591.59,29486.16,17351.06,806.12,636.07,449.9,2199.28,7000,209.65,263.07,138.05,0,0,164326,6483.87,0,4,0
571,07/25/2022,158882.2,28714.09,16158.51,1089.89,640.8,449.95,2195.24,7700,146.32,257.47,154.66,0,0,1093552,6483.87,0,5,0
572,07/26/2022,154823.25,29271.59,15400.03,1053.56,537.93,449.99,2196.89,10500,261.75,251.65,176.03,0,0,413739,6483.87,0,6,0
573,07/27/2022,184337.21,31295.69,14685.51,1133.13,577.18,449.8,2196.9,0,163.61,247.73,198.94,0,0,670315,6483.87,0,7,0
574,07/28/2022,126021.34,31140.04,14395.74,1247.77,634.61,450,2195.03,7000,50.54,245.63,130.13,0,0,1044235,6483.87,0,8,0
575,07/29/2022,156914.61,31826.72,13669.31,1223.61,595.05,449.99,2194.55,10200,192.51,244.63,116.96,0,0,136022,6483.87,0,9,0
576,07/30/2022,172933.74,32269.96,15576.28,1095.85,587.84,450,2196.45,4114.887,89.95,239.82,169.21,0,0,925321,6483.87,0,10,0
577,07/31/2022,156571,34304.86,17517.65,1145.53,604.26,449.99,2197.38,0,174.98,265.3,231.76,0,0,11879,6483.87,0,11,0
578,08/01/2022,157111.6,35951.17,14927.39,1306.17,618.81,449.61,2195.57,47750,331.26,260.54,268.85,0,0,16725,5322.58,0,12,0
579,08/02/2022,148749.75,37641.51,15935.42,1164.13,620.52,449.99,2197.22,8500,117.58,253.82,361.72,0,0,234429,5322.58,0,13,0
580,08/03/2022,140574.02,36383.92,15633.35,1186.72,604.43,449.99,2190.23,0,88.21,246.11,265.08,0,0,1020590,5322.58,0,14,0
581,08/04/2022,126929.61,36419.05,13422.01,1118.66,606.13,449.99,2198.07,0,74.19,244.02,239.95,0,0,925646,5322.58,0,15,0
582,08/05/2022,146515.43,36394.98,11986.89,1081.93,575.96,450,2197.02,0,110.89,243.93,241.38,0,0,1066580,5322.58,0,16,0
583,08/06/2022,123621.57,35979.51,13943.95,1123.27,578.16,450,2197.59,0,153.68,236.28,243.41,0,0,54843,5322.58,0,17,0
584,08/07/2022,152911.66,36660.49,16153.49,1331.56,601.58,449.99,2199.88,0,101.92,266.52,290.66,0,0,278622,5322.58,0,18,0
585,08/08/2022,161961.3,32982.78,12580.38,1743.2,605.6,450,2198.62,4750,178.91,261.63,364.36,0,0,919873,5322.58,1,19,0
586,08/09/2022,188594.61,41317.43,12716.14,1553.37,619.46,450,2195.19,9300,147.01,253.53,299.31,0,0,1710152,5322.58,2,20,0
587,08/10/2022,150651.39,49353.48,12445.75,1444.17,602.49,450,2196.48,8500,102.95,248.59,218.86,0,0,1188007,5322.58,3,21,0
588,08/11/2022,104637.68,46140.17,12982.82,1099.35,574.5,450,2194.95,6100,32.48,243.81,188.44,0,0,10971,5322.58,4,22,0
589,08/12/2022,218120.02,36876.81,12220.34,1080.27,551.87,450,2197.08,4000,41.5,242.21,341.33,0,1,96358,5322.58,5,23,0
590,08/13/2022,117612.08,32421.68,12105.39,849.72,536.26,449.99,2200,1000,62.97,233.71,271.07,0,0,934900,5322.58,6,24,0
591,08/14/2022,129003.54,32710.35,12809.59,812.64,538.1,450,2198.64,3500,100.67,264.5,270.51,0,0,263430,5322.58,7,25,0
592,08/15/2022,96862.73,27969.18,11780.42,1169.39,534.3,449.99,2195.85,6500,24.02,259.63,347.45,0,0,926833,5322.58,8,26,0
593,08/16/2022,258962.48,27760.91,12735.86,1526.07,526.07,499.99,2199.68,13000,52.08,257.67,446.36,0,0,1798614,5322.58,9,27,1
594,08/17/2022,124541.21,24726.26,10503.35,1170.58,504.66,406.8,1688.96,3500,39.66,247.45,278,0,0,13924,5322.58,10,28,2
595,08/18/2022,140849.83,19482.18,10705.49,1069.15,349.6,405.34,1682.45,29300,41.44,243.1,201.97,0,0,1078012,5322.58,11,0,3
596,08/19/2022,120844.68,19373.24,9945.11,775.22,0.46,0.25,1688.6,8000,56.78,241.07,166.11,0,0,7767,5322.58,12,0,4
597,08/20/2022,118490.82,19295.59,10337.23,653.98,0,0,1684.85,6600,63.59,236.58,114.27,0,0,123461,5322.58,13,0,5
598,08/21/2022,109812.71,20694.1,11530.37,619.39,0,0,1689.17,2000,39.79,268.89,139.85,0,0,1056840,5322.58,14,0,6
599,08/22/2022,157171.34,20238.76,9399.2,922.62,0,0,1658.35,2400,61.85,257.98,189.88,0,0,6909,5322.58,15,0,7
600,08/23/2022,156109.3,20375.07,11269.01,926.85,0,0,1441.37,2850,89.75,253.72,209.39,0,0,1329686,5322.58,16,0,8
601,08/24/2022,115884.68,17618.95,9686.81,879.84,0,0,1378.59,2000,29.29,247.22,185.62,0,0,56153,5322.58,17,0,9
602,08/25/2022,110133.24,16185.97,8903.59,724.58,0,0,863.88,17400,78.83,248.4,121.26,0,0,922904,5322.58,18,0,10
603,08/26/2022,105994.02,14127.79,8198.39,554.09,0,0,863.75,4000,93.79,239.38,67.67,0,0,7844,5322.58,19,0,11
604,08/27/2022,115381.67,13551.99,9725.7,553.07,0,0,864.59,0,32.06,234.41,40.83,0,0,1023872,5322.58,20,0,12
605,08/28/2022,88447.18,14674.4,9676.89,560.02,0,0,862.96,0,45.1,265.18,55.05,0,0,3923,5322.58,21,0,13
606,08/29/2022,91743.06,14342.82,8246.57,853.88,0,0,864.55,0,55.9,258.96,64.64,0,0,1175557,5322.58,22,0,14
607,08/30/2022,70848.9,14021.66,8049.97,764.02,0,0,909.63,0,9.99,254.68,71.68,0,0,296400,5322.58,23,0,15
608,08/31/2022,89524.82,13413.14,8080.63,732.96,0,0,953.22,0,10.1,251.18,60.9,0,0,1097280,5322.58,24,0,16
609,09/01/2022,93725.91,12700.33,7410.37,692.28,0,0,954.91,45000,40.14,246.34,36.56,0,0,8021,3666.67,25,0,17
610,09/02/2022,261121.45,16399.14,7307.71,844.39,0,0,950.27,0,106.34,241.25,30.36,2,0,1770828,3666.67,26,0,18
611,09/03/2022,186990.73,17629.33,8004.84,516.95,0,0,952.26,0,76.66,232.41,22.72,2,0,832288,3666.67,27,0,19
612,09/04/2022,174266.55,19945.03,9018.89,530.14,0,0,957.66,0,169.75,263.45,52.12,2,0,938090,3666.67,28,0,20
613,09/05/2022,279833.78,20910.38,10104.92,621.82,0,0,959.41,0,139.06,259.41,67.56,2,0,735641,3666.67,0,0,21
614,09/06/2022,62287.33,17101.16,7572.66,722.87,0,0,936.4,11400,20.6,251.65,43.98,0,0,4930,3666.67,0,0,22
615,09/07/2022,75229.27,18721.29,7123.24,653.93,0,0,924.16,12000,3.22,246.71,37.42,0,0,5072,3666.67,0,0,23
616,09/08/2022,87188.27,19258.83,6557.98,704.54,0,0,961.98,17500,10.04,248.44,22.58,0,0,934098,3666.67,0,0,24
617,09/09/2022,77778.9,18358.22,5571.49,536.45,0,0,950.8,9250,44.06,93.51,24.62,0,0,6265,3666.67,0,0,25
618,09/10/2022,85833.77,22385.98,5652.89,408.6,0,0,959.65,3500,35.82,0,22.63,0,0,939600,3666.67,0,0,26
619,09/11/2022,83921.5,26710.94,6076.42,449.65,0,0,942.88,0,4.15,0,24.78,0,0,163784,3666.67,0,0,27
620,09/12/2022,70423.9,26489.5,4878.4,649.65,0,0,954.39,8800,19.35,0,42.06,0,0,866101,3666.67,0,0,28
621,09/13/2022,72537.19,25767.32,6016.04,554.4,0,0,953.46,19900,32.11,0,21.95,0,0,7416,3666.67,0,0,23
622,09/14/2022,67744.05,21984.28,5652.38,585.44,0,0,962.72,1500,17.54,0,25.56,0,0,297087,3666.67,0,0,24
623,09/15/2022,307381.96,21518.3,6411.85,685.46,0,0,959.14,16758.377,57.43,0,21.75,0,0,930707,3666.67,0,1,25
624,09/16/2022,138215.38,23631.08,5619.86,582.13,0,0,1278.28,17500,42.3,0,22.1,0,0,1522083,3666.67,0,2,26
625,09/17/2022,93621.78,27047.82,5702.22,495.76,0,0,959.44,1000,24.4,0,21.45,0,0,7760,3666.67,0,3,27
626,09/18/2022,93751.64,28092.71,6572.91,460.02,0,0,980.37,0,20.62,0,25.39,0,0,892722,3666.67,0,4,28
627,09/19/2022,115255.11,25613.64,5494.46,581.81,0,0,407.6,2600,87.91,0,28.37,0,0,7789,3666.67,0,5,0
628,09/20/2022,96869.49,21521.45,4876.92,579.9,0,0,2.22,900,17.09,0,28.91,0,0,1073839,3666.67,0,6,0
629,09/21/2022,103965.81,20976.74,4796.1,552.22,0,0,868.62,4750,10.43,0,34.33,0,0,697739,3666.67,0,7,1
630,09/22/2022,112347.48,21909.76,4212.79,672.7,0,0,991.95,4500,54.72,0,31.36,0,0,1245481,3666.67,0,8,2
631,09/23/2022,183957.93,19060.59,4417.76,587.31,0,0,987.72,6250,27.06,0,42.58,0,1,6292,3666.67,0,9,3
632,09/24/2022,75938.45,18897.74,4580.96,522.48,0,0,994.18,0,13.89,0,56.04,0,0,53282,3666.67,0,10,4
633,09/25/2022,66442.98,19875.11,5237.69,395.54,0,0,989.58,0,23.5,0,46.99,0,0,945071,3666.67,0,11,5
634,09/26/2022,93661.62,19989.7,5557.62,553.84,0,0,559.16,0,52.7,0,64.86,0,0,537413,3666.67,0,12,6
635,09/27/2022,65550.84,19946.39,5912.88,456.36,0,0,25.42,2500,0,0,60.53,0,0,946482,3666.67,0,13,7
636,09/28/2022,63295.65,20347.96,5840.87,556.92,0,0,1000,8000,18.39,0,38.7,0,0,52778,3666.67,0,14,8
637,09/29/2022,69574.32,18560.04,5636.99,565.83,0,0,990.89,12000,3.52,0,43.22,0,0,4993,3666.67,0,15,9
638,09/30/2022,79954.64,18290.35,5093.76,486.98,0,0,991.02,0,16.02,0,48.21,0,0,1159269,3666.67,0,16,10
639,10/01/2022,69575.85,19933.95,5610.4,356.91,0,0,986.66,0,4.07,0,43,0,0,827151,3548.39,0,17,11
640,10/02/2022,90533.31,21518.19,6941.56,415.34,0,0,998.09,0,11.99,0,45.27,0,0,187409,3548.39,0,18,12
641,10/03/2022,70782.77,20798.54,6531.5,512.42,0,0,984.41,500,99.05,0,34.64,0,0,945483,3548.39,0,19,13
642,10/04/2022,81503.42,20754.27,7318.41,577.78,0,0,980.33,0,95,0,62.75,0,0,114000,3548.39,0,20,14
643,10/05/2022,92454.26,27152.72,6997.11,730.8,0,0,983.44,2324.449,5.47,0,61.23,0,0,1127243,3548.39,0,21,15
644,10/06/2022,97610.03,27480.41,6129.26,425.05,0,0,988.36,0,30.47,0,61.35,0,0,827986,3548.39,0,22,16
645,10/07/2022,121262.99,27944.33,6190.33,447.81,0,0,997.02,6500,18.29,0,53.07,0,0,1372441,3548.39,0,23,17
646,10/08/2022,84065.73,29003.47,6795.57,220.84,0,0,993.12,0,1.37,0,49.48,0,0,5686,3548.39,0,24,18
647,10/09/2022,90926.83,29354.29,7874.99,174.38,0,0,499.79,0,66.31,0,43.01,0,0,126774,3548.39,0,25,19
648,10/10/2022,69892.57,23693.24,7715.39,273.04,0,0,496.69,4000,15.54,0,44.32,0,0,440755,3548.39,0,26,20
649,10/11/2022,77132.47,25543.09,7580.88,371.61,0,0,496.11,3100,3.97,0,46.82,0,0,175869,3548.39,0,27,21
650,10/12/2022,143867.74,24713.38,6894.96,589.41,0,0,495.34,2500,5.47,0,37.66,0,0,953214,3548.39,0,28,22
651,10/13/2022,82366.41,24551.17,6630.19,673.41,0,0,497.98,0,51.14,0,48.85,0,0,1125633,3548.39,0,8,23
652,10/14/2022,212794.07,24994.94,6450.11,626.89,0,0,496.31,0,17.7,0,34.34,0,0,395490,3548.39,0,9,24
653,10/15/2022,94575.15,25699.22,6098.96,409.91,0,0,499.85,0,14.84,0,36.45,0,0,935611,3548.39,0,10,25
654,10/16/2022,97601.83,26943.81,6711.67,381.67,0,0,497.72,0,63.98,0,43,0,0,1159020,3548.39,0,11,26
655,10/17/2022,92440.78,26045.89,6572.37,519.11,0,0,494.25,6000,23.63,0,28.54,0,0,4947,3548.39,1,12,27
656,10/18/2022,119502.4,25727.48,7719.41,543.61,0,0,503.76,3500,46.16,0,20.18,0,0,1163051,3548.39,2,13,28
657,10/19/2022,84966.74,19890.32,7650.19,623.1,0,0,500.81,13300,73.22,0,13.92,0,0,5006,3548.39,3,14,0
658,10/20/2022,86562.96,19578.92,9247.22,541.84,0,0,545.37,16000,18.49,0,10.37,0,0,958059,3548.39,4,15,0
659,10/21/2022,103074.25,19629.49,7999.58,605.95,0,0,548.06,10900,53.41,0,17.99,0,0,159499,3548.39,5,16,0
660,10/22/2022,70005.65,19732.2,7027.19,373.97,0,0,1178.89,1000,22.93,0,15.53,0,0,1002530,3548.39,6,17,0
661,10/23/2022,76343.8,21239.72,7721.28,406,0,0,1293.26,0,16.07,0,14.68,0,0,1020786,3548.39,7,18,0
662,10/24/2022,74166.47,20648.21,7125.7,527.92,0,0,1161.06,0,0,0,8.64,0,0,110120,3548.39,8,19,0
663,10/25/2022,108077.92,20175.6,6705.96,487.34,0,0,1217.11,25000,10.22,0,7.3,0.5,0,1015017,3548.39,9,20,0
664,10/26/2022,107937.24,17872.41,6598.61,369.2,0,0,1203.58,0,22.96,0,13.99,0.5,0,1180146,3548.39,10,21,0
665,10/27/2022,366670.12,15444.4,7555.15,483.53,0,0,1200.05,31404.715,80.51,0,12.11,0,0,12896,3548.39,11,22,0
666,10/28/2022,191731.09,15320.51,6078.03,331.28,0,0,1223.84,0,18.42,0,14.44,0.75,0,917367,3548.39,12,23,0
667,10/29/2022,144520.97,15356.61,6543.83,108.63,0,0,1223.81,0,29.46,0,17.74,0.75,0,1195547,3548.39,13,24,0
668,10/30/2022,159740.27,16596.96,8570.7,118.89,0,0,1203.17,2350.217,56.05,0,31.04,0.75,0,181135,3548.39,14,25,0
669,10/31/2022,146771.81,16581.7,7414.92,234.88,0,0,1251.92,0,37.8,0,30.13,0.75,0,1200363,3548.39,15,26,0
670,11/01/2022,86747.64,16013.98,8427.49,256.06,0,0,1232,300,19.57,0,43.6,0,0,1227604,6700,16,27,0
671,11/02/2022,78631.75,15412.99,8262.09,332.1,0,0,1303.54,9000,30.13,0,29.9,0,0,1223238,6700,17,28,0
672,11/03/2022,98486.49,15533.27,8070.91,904.56,0,0,1226.57,15000,42.62,0,26.38,0,0,239199,6700,18,8,0
673,11/04/2022,129110.57,19752.86,7953.59,521.63,0,0,1168.53,7900,25.89,0,21.66,0,0,1202540,6700,19,9,0
674,11/05/2022,107948.93,20783.27,8773.66,368.49,0,0,522.84,1251.319,12.19,0,33.46,0,0,1150467,6700,20,10,0
675,11/06/2022,133145.14,22955.32,9815.1,434.13,0,0,509.5,3000,16.69,0,44.19,0,0,7045,6700,21,11,0
676,11/07/2022,815464.58,63905.48,12428.35,1035.95,0,0,504.59,49547.34,406.65,0,113.71,2.5,0,6163115,6700,22,12,0
677,11/08/2022,368344.33,35414.53,11909.47,499.93,0,0,507.86,6793.714,112.28,0,243.45,2.5,0,1021029,6700,23,13,0
678,11/09/2022,104041.28,20393.24,9951.43,530.56,0,0,514.46,1600,145.9,0,277.07,0,0,267851,6700,24,14,0
679,11/10/2022,102784.93,26229.49,10017.41,506.8,0,0,516.91,9500,64.87,0,180.92,0,0,1515924,6700,25,15,0
680,11/11/2022,106817.97,29508.91,9660.45,362.44,0,0,600,0,24.02,0,160.48,0,0,1476870,6700,26,16,0
681,11/12/2022,83195.04,31090.48,10645.6,221.9,0,0,600,0,2.52,0,166.8,0,0,1396662,6700,27,17,0
682,11/13/2022,105927.29,32126.09,10716.15,293.98,0,0,600,250,3.5,0,163.81,0,0,1653443,6700,28,18,0
683,11/14/2022,75761.06,31911.89,9650.78,463.7,0,0,515.16,3100,76.38,0,159.46,0,0,12750,6700,0,19,0
684,11/15/2022,90363.58,31755.09,9334.57,552.04,0,0,570.74,1500,48.34,0,168.01,0,0,843811,6700,0,20,0
685,11/16/2022,98370,31730.88,8186.06,657.56,0,0,548.71,500,36.62,0,165.3,0,0,8698,6700,0,21,0
686,11/17/2022,99044.1,32294.39,8296.6,554.96,0,0,813.48,2500,21.26,0,132.69,0,0,549505,6700,0,22,0
687,11/18/2022,139334.86,36106.82,8824.64,617.95,0,0,1100,8700,1.31,925.68,76.36,0.25,0,1774586,6700,0,23,0
688,11/19/2022,122387.59,38540.13,10200.35,358.03,0,0,1100,0,68.25,1473.08,55.46,0.25,0,7905,6700,0,24,0
689,11/20/2022,107475.18,36635.95,11003.74,332.89,0,0,1570,0,133.41,1564.43,52.28,0.25,0,514346,6700,0,25,0
690,11/21/2022,91245.66,36156.11,12105.29,603.2,0,0,3047.59,7000,37.81,1518.6,115.78,0,0,13052,6700,0,26,0
691,11/22/2022,393086.04,57291.35,17397.36,711.4,0,0,3706.2,37253.001,195.33,1510.16,139.69,2.5,0,3465043,6700,0,27,0
692,11/23/2022,350854.25,61610.34,17730.06,914.85,0,0,4078.04,44950,179.57,1459.24,153.84,2.5,0,1638820,6700,0,28,0
693,11/24/2022,394594.23,50196.34,18505.4,601.08,0,0,4089.94,0,103.78,1476.51,104.53,2.5,0,3106241,6700,0,0,0
694,11/25/2022,970826.56,87833.11,32249.16,3069.89,0,0,5739.93,1250,368.16,1471.61,157.83,2.5,0,2564409,6700,0,0,0
695,11/26/2022,485312.42,75335.06,16990.56,766.7,0,0,4029.94,0,183.22,1499.45,354.72,2.5,0,3410788,6700,0,0,0
696,11/27/2022,390771.5,60453.9,20776.06,1092.37,0,0,4028.44,2500,137.59,1527.08,281.34,2.5,0,1479644,6700,0,0,0
697,11/28/2022,717438.57,77461.74,25412.47,1969.41,0,0,3996.1,0,318.84,1554.23,311.5,2.5,0,4288791,6700,0,0,0
698,11/29/2022,296818.93,48030.3,12160.13,1174.61,0,0,2325.72,0,233.85,1502.36,272.73,2.5,0,2260594,6700,0,0,0
699,11/30/2022,116048.12,32285.53,14271.68,1182.38,0,0,1492.34,0,81.08,1416.27,145.06,0,0,17665,6700,0,0,0
700,12/01/2022,117829.21,23364.58,13134.27,886.67,0,0,2072.35,0,78.15,669.59,165.21,0,0,16894,6483.87,0,0,0
701,12/02/2022,221781.22,17192.15,7732.83,601.08,0,0,2092.64,5700,98.06,486.41,109.46,1,1,1802328,6483.87,0,0,0
702,12/03/2022,149263.02,15017.42,6935.3,404.16,0,0,2095.64,0,191.47,497.56,110.96,1,0,1653129,6483.87,0,0,0
703,12/04/2022,163079.89,16466.07,7474.45,384.72,0,0,2099.27,0,87.23,532.6,127.07,1,0,12710,6483.87,0,0,0
704,12/05/2022,153751.34,15489.59,8320.52,701.09,0,0,2091.3,76.27,120.42,494.14,131.27,1,0,1618651,6483.87,0,0,0
705,12/06/2022,174089.36,15230.44,8063.64,764.17,0,0,2086.28,3500,80.12,504.12,123.65,1,0,86898,6483.87,0,0,0
706,12/07/2022,175496.96,15483.38,8473.36,701.93,0,0,2085.91,2250,70.14,489,110.69,0,0,1730940,6483.87,0,0,0
707,12/08/2022,231701.99,18920.3,9487.21,763.26,0,0,2072.68,3484.849,115.06,487.96,90.75,0,0,14952,6483.87,0,1,0
708,12/09/2022,327854.86,21151.29,13241.79,713.92,0,0,2091.57,17500,169.06,493.62,104.42,0,1,1415934,6483.87,0,2,0
709,12/10/2022,358969.14,22186.01,14153.95,550.19,0,0,2078.83,22200,586.93,498.56,113.12,2,0,1423858,6483.87,0,3,0
710,12/11/2022,308888.53,25352.3,14814.4,542.63,0,0,2065.84,900,772.07,541.34,167.28,2,0,1262544,6483.87,0,4,0
711,12/12/2022,331439.84,25125.64,14067.54,1144.4,0,0,2630.07,8230.176,633.53,518.18,202.55,2,0,138024,6483.87,0,5,0
712,12/13/2022,199029.76,21544.12,12753.06,1093.97,0,0,3604.86,0,482.38,498.12,124.04,0,0,1360271,6483.87,0,6,0
713,12/14/2022,216164.28,21123.74,13067.5,833.46,0,0,4000,5650,589.72,483.51,120.21,0,0,18312,6483.87,0,7,0
714,12/15/2022,214146.7,20789.75,13632.82,818.18,0,0,4000,0,559.37,486.3,114.92,0,0,2806092,6483.87,0,8,0
715,12/16/2022,275707.07,20298.08,12474.34,689.23,0,0,4000,0,628.55,487.71,113.94,0,1,156182,6483.87,0,9,0
716,12/17/2022,152124.64,20174.23,12793.86,305.3,0,0,4000,291.06,325.72,484.84,103.3,0,0,1363067,6483.87,0,10,0
717,12/18/2022,128674.29,20443.95,10527.18,311.64,0,0,4000,0,213.32,544.27,113.61,0,0,1361243,6483.87,0,11,0
718,12/19/2022,100689.33,16742.7,9626.91,724.59,0,0,4000,2100,267.72,504.8,118.22,0,0,15868,6483.87,0,12,0
719,12/20/2022,68568.31,15041.68,6834.76,703.4,0,0,3000,0,115.22,502.05,105.6,0,0,1259186,6483.87,0,13,0
720,12/21/2022,52964.51,10408.49,5070.85,525.82,0,0,2500,1000,188.47,291.54,87.06,0,0,75755,6483.87,0,14,0
721,12/22/2022,48389.56,10289.63,4630.33,518.16,0,0,2000,0,161.02,290.91,77.2,0,0,1245823,6483.87,0,15,0
722,12/23/2022,133457.7,10232.71,3886.79,303.83,0,0,1500,0,376.87,291.43,56.49,0,1,1441606,6483.87,0,16,0
723,12/24/2022,49175.73,10242.58,3313.91,213.66,0,0,1500,0,94.36,293.19,26.02,0,0,3674,6483.87,0,17,0
724,12/25/2022,66299.23,11388.06,4859.52,267.09,0,0,1500,0,66.15,299.79,33.01,0,0,3583,6483.87,0,18,0
725,12/26/2022,183325.68,11723.38,4917.79,463.76,0,0,1500,0,238.49,0,87.31,2,0,1725196,6483.87,0,19,0
726,12/27/2022,132902.36,15231.75,5721.7,460.29,0,0,1893.3,700,193.66,0,193.54,2,0,7819,6483.87,0,20,0
727,12/28/2022,95556.58,15953.1,6114.49,457.72,0,0,2000,500,264.12,0,216.26,2,0,7629,6483.87,0,21,0
728,12/29/2022,128328.83,15887.85,6459.14,457.21,0,0,3462.18,2000,237.19,0,212.73,2,0,1790879,6483.87,0,22,0
729,12/30/2022,103946.14,15948.89,5916.98,360.14,0,0,3965.33,600,327.37,0,64.25,2,0,1579552,6483.87,0,23,0
730,12/31/2022,153205,15915.3,6506.64,200.21,0,0,3971.01,337.545,338.76,0,89.89,2,0,310541,6483.87,0,24,0
731,01/01/2023,119117.8,17346.69,6736.16,192.79,0,0,3981.42,0,289.71,0,191.94,2,0,1569596,4354.84,0,25,0
732,01/02/2023,98242.33,14691.29,7078.5,203.67,0,0,3925.29,0,83,0,199.13,2,0,13289,4354.84,0,26,0
733,01/03/2023,92472.08,14309.86,7332.58,379.29,0,0,3954.63,400,124.29,0,197.98,2,0,1601158,4354.84,0,27,0
734,01/04/2023,83124.38,13126.15,6408.57,322.3,0,0,4856.21,5250,117.28,0,163.82,2,0,1583209,4354.84,0,28,0
735,01/05/2023,115825.58,12934.13,6010.53,349.39,0,0,4928.49,3700,226.12,0,116.13,2,0,1301673,4354.84,0,0,0
736,01/06/2023,92243.69,13225.05,5742.42,277.81,0,0,4959.36,0,253.43,0,75.19,2,0,1563315,4354.84,0,0,0
737,01/07/2023,98986.06,13181.36,6072.98,185.44,0,0,5000,0,196.8,0,78.72,2,0,1578773,4354.84,0,0,0
738,01/08/2023,161190.03,14793.47,6914.88,323.71,0,0,3474.73,0,398.01,0,78.5,2,0,134924,4354.84,0,0,0
739,01/09/2023,43613.45,8605.85,5518.21,377.28,0,0,2966.59,2550,402.06,0,61.84,0,0,1557354,4354.84,0,0,0
740,01/10/2023,54113.43,8326.29,5254.51,444.45,0,0,2968.51,0,152.74,0,82.49,0,0,173864,4354.84,0,0,0
741,01/11/2023,78415.85,8754.95,5260.98,437.22,0,0,2966.96,3000,169.57,0,81.69,0,0,1596257,4354.84,0,0,0
742,01/12/2023,101525.47,9165.32,5526.4,362.39,0,0,2454.46,250,106.4,0,70.92,0,0,260072,4354.84,0,0,0
743,01/13/2023,88372.62,9343.13,5018.41,338.72,0,0,1987.31,1900,133.05,0,68.53,0,0,82714,4354.84,0,0,0
744,01/14/2023,63355.18,9422.33,5267.03,217.6,0,0,1979.42,0,406.32,0,46.8,0,0,1461905,4354.84,0,0,0
745,01/15/2023,69725.71,10324.12,5369.26,205.6,0,0,1975.78,0,93.01,0,48.65,0,0,1391977,4354.84,0,0,0
746,01/16/2023,50158.5,9797.26,5128.49,265.35,0,0,1977.97,0,82.31,0,47.02,0,0,6419,4354.84,0,0,0
747,01/17/2023,53375.71,9545.13,4972.33,363.41,0,0,1978.61,2500,115.18,0,51.91,0,0,98562,4354.84,0,0,0
748,01/18/2023,113612.81,9266.39,4960.55,332.64,0,0,1983.36,0,142.25,0,41.55,0,0,1541536,4354.84,0,1,0
749,01/19/2023,236157.99,12386.01,5474.91,329.48,0,0,1979.13,5950,186.4,0,29.32,0,0,1707740,4354.84,0,2,0
750,01/20/2023,160564.21,13464.84,5066.63,292.68,0,0,1990.37,18000,324.13,0,29.71,0,0,1153002,4354.84,0,3,0
751,01/21/2023,144622.84,13659.67,5654.36,163.64,0,0,1990.36,7700,155.21,0,45.72,0,0,20433,4354.84,0,4,0
752,01/22/2023,164411.73,15006.94,5574.78,162.98,0,0,1983.57,0,250.3,0,48.59,0,0,1361871,4354.84,0,5,0
753,01/23/2023,87216.01,13526.5,5433.64,245.44,0,0,1973.85,6750,108.62,0,40.26,0,0,113253,4354.84,0,6,0
754,01/24/2023,105722.31,11702.82,5947.07,190.16,0,0,1983.09,2500,137.43,0,23.63,0,0,544765,4354.84,0,7,0
755,01/25/2023,82388.99,11105.1,5356.99,464.98,0,0,1984.06,2600,235.54,0,30.07,0,0,202039,4354.84,0,8,0
756,01/26/2023,86486.5,11358.19,5593.22,490.19,0,0,1984.67,7000,156.52,0,34.25,0,0,1071803,4354.84,0,9,0
757,01/27/2023,154977.46,11368.89,5702.28,449.61,0,0,1985.6,4500,240.54,0,40.08,0,1,7990,4354.84,0,10,0
758,01/28/2023,95840.54,11429.98,5557.75,368.67,0,0,1990.04,0,116.17,0,51.42,0,0,1532349,4354.84,0,11,0
759,01/29/2023,96821.38,12398.7,6078.02,212.05,0,0,2000,0,146.61,0,50.47,0,0,119770,4354.84,0,12,0
760,01/30/2023,71192.27,11801.25,5402.58,256.2,0,0,2000,300,129.03,0,56.64,0,0,1551735,4354.84,0,13,0
761,01/31/2023,73173.06,11533.84,5472.49,223.91,0,0,1991.21,0,156.03,0,44.75,0,0,442012,4354.84,0,14,0
762,02/01/2023,100304.6,11252.83,5810.91,226.04,0,0,1980.44,5300,180.21,0,44.78,0,0,116978,3928.57,0,15,0
763,02/02/2023,93230.88,11592.96,5740.68,196.42,0,0,2731.32,0,159.04,0,41.83,0,0,472408,3928.57,0,16,0
764,02/03/2023,84115.79,11238.37,5232.72,191.16,0,0,2978.41,3000,114.73,0,41.79,0,0,1003012,3928.57,0,17,0
765,02/04/2023,90973.28,11380.38,6266.64,148.26,0,0,2961.84,0,133.34,0,37.94,0,0,10236,3928.57,0,18,0
766,02/05/2023,83404.12,12392.03,7178.23,132.48,0,0,2962.99,1400,233.99,0,40.93,0,0,36602,3928.57,0,19,0
767,02/06/2023,67149.91,12082.71,6302.97,233.75,0,0,2976.57,600,76.75,0,31.43,0,0,16470,3928.57,0,20,0
768,02/07/2023,65305.64,12048.72,6159.15,189.4,0,0,2784.69,0,210.18,0,44.85,0,0,470272,3928.57,0,21,0
769,02/08/2023,75324.61,11470.03,5672.77,188.23,0,0,2971.5,0,72.45,0,32.65,0,0,182514,3928.57,0,22,0
770,02/09/2023,118113.19,11796.13,5724.39,269.76,0,0,2955.93,14100,131.07,0,20.83,0,0,1650658,3928.57,0,23,0
771,02/10/2023,98105.44,11951.12,5746.25,160.64,0,0,2969.01,13700,212.11,0,27.7,0,0,1720254,3928.57,0,24,0
772,02/11/2023,86537.92,12087.55,6484.42,82.84,0,0,2969.22,0,132.75,0,26.29,0,0,130769,3928.57,0,25,0
773,02/12/2023,72045.07,12989.66,6131.46,57.08,0,0,2958.93,0,220.11,0,19.87,0,0,1587104,3928.57,0,26,0
774,02/13/2023,73113.8,12562.72,5469.05,149.31,0,0,3410.03,1500,131.52,0,26.39,0,0,177835,3928.57,0,27,0
775,02/14/2023,56909.98,12747.03,5628.14,156.43,0,0,3944.06,0,91.54,0,28.92,0,0,51296,3928.57,0,28,0
776,02/15/2023,70646.38,12441.89,5461.26,156.03,0,0,3966.4,4000,157.9,0,21.78,0,0,1489190,3928.57,0,0,0
777,02/16/2023,81139.99,12421.46,4202.12,227.06,0,0,4802,5100,107.81,0,22.88,0,0,555780,3928.57,0,0,0
778,02/17/2023,100794.78,12527.25,4337.26,188.44,0,0,4907.71,5000,279.38,0,18.98,0,0,888208,3928.57,0,0,0
779,02/18/2023,106916.09,13114.96,4407.47,135.75,0,0,4837.26,0,224.23,469.52,40.85,0,0,619670,3928.57,0,0,0
780,02/19/2023,86689.01,14114.83,4972.23,176.04,0,0,1816.75,5000,178.93,522.07,22.47,0,0,8414,3928.57,0,0,0
781,02/20/2023,84324.32,13476.14,4439.83,208.66,0,0,0,0,199.8,508.34,21.13,0,0,772273,3928.57,0,0,0
782,02/21/2023,82880.71,13028.67,3834.49,254.87,0,0,4417.47,0,53.85,500.72,24.68,0,0,9489,3928.57,0,0,0
783,02/22/2023,70450.47,13131.33,3864.72,244.98,0,0,4936.66,3500,84.18,488.78,38.05,0,0,57960,3928.57,0,0,0
784,02/23/2023,81132.69,13304.3,3553.68,255.12,0,0,4944.74,3050,151.44,490.08,31.76,0,0,801104,3928.57,0,0,0
785,02/24/2023,132750.05,13469.67,3852.92,240.79,0,0,4947.31,5500,113.68,495.68,29.45,0,1,813839,3928.57,0,0,0
786,02/25/2023,81628.4,13608.29,4048.12,161.98,0,0,4948.24,2500,94.87,494.33,35.2,0,0,339508,3928.57,0,0,0
787,02/26/2023,77116.16,14657.32,4578.14,131.93,0,0,4938.87,0,109.91,517.7,50.98,0,0,96953,3928.57,0,0,0
788,02/27/2023,79279.88,13903.58,4338.07,205.69,0,0,4940.9,13100,83.21,513.28,45.29,0,0,101010,3928.57,0,0,0
789,02/28/2023,67492.47,13696.09,4498.27,251.9,0,0,4421.23,2249.32,176.95,500.7,45.34,0,0,1477325,3928.57,0,0,0
790,03/01/2023,65515.36,13438.57,4145.34,256.34,0,0,4977.53,0,149.81,490.41,47.14,0,0,45187,4354.84,0,0,0
791,03/02/2023,71520.6,13314.28,3993.59,339.14,0,0,4972.41,750,251.93,491.92,43.77,0,0,850647,4354.84,0,0,0
792,03/03/2023,75833.91,13374.59,4103.54,267.5,0,0,4693.85,0,177.5,493.49,56.88,0,0,37189,4354.84,0,0,0
793,03/04/2023,73877.29,13515.55,4563.9,152.82,0,0,4932.98,1800,150.57,492.5,51.61,0,0,768425,4354.84,0,0,0
794,03/05/2023,85011.16,14650.01,5272.2,159.46,0,0,4962.83,0,74.6,522.45,48.76,0,0,369183,4354.84,0,0,0
795,03/06/2023,62715.98,14016.49,4601.53,202.44,0,0,3913.7,0,47.96,506.93,106.57,0,0,69208,4354.84,0,0,0
796,03/07/2023,75868.99,13518.22,5719.15,230.68,0,0,4430.51,1400,130.98,499.42,100.51,0,0,1242550,4354.84,0,0,0
797,03/08/2023,82890.77,12518.71,6266.24,256,0,0,4970.42,2700,142.33,253.51,152,0,0,12600,4354.84,0,0,0
798,03/09/2023,84161.41,11622.31,6395.27,268.53,0,0,4948.16,400,254.51,0,65.8,0,0,342548,4354.84,0,0,0
799,03/10/2023,178966.48,11664.85,6763.36,241.8,0,0,4996.31,0,255.93,0,69.05,0,0,968719,4354.84,0,1,0
800,03/11/2023,106993.75,11755.03,6798.05,82.24,0,0,4989.21,0,203.97,0,41.14,0,0,332138,4354.84,0,2,0
801,03/12/2023,102907.8,12786.24,6797.25,95.51,0,0,4967.39,0,40.9,0,32.82,0,0,131800,4354.84,0,3,0
802,03/13/2023,162891.1,10776.91,6365.38,213.35,0,0,4961.15,6000,384.87,0,23.54,0,0,1036736,4354.84,0,4,0
803,03/14/2023,95619.29,11636.11,5954.37,198.88,0,0,4564.64,1500,236.63,0,32.48,0,0,182345,4354.84,0,5,0
804,03/15/2023,105422.97,11870.68,5712.87,230.69,0,0,4962.03,12500,117.3,0,50.45,0,0,690584,4354.84,0,6,0
805,03/16/2023,162292.2,12449.27,6007.12,202.92,0,0,4967.4,21300,194.12,0,52.37,0,0,588119,4354.84,0,7,0
806,03/17/2023,153458.6,12459.88,5478.2,165.85,0,0,3973.18,8400,283.37,0,61.28,0,0,156256,4354.84,0,8,0
807,03/18/2023,99999.31,12537.44,5942.92,87.54,0,0,3961.09,600,96.74,0,53.59,0,0,428404,4354.84,0,9,0
808,03/19/2023,118763.2,13336.23,6516.73,92.74,0,0,3984.29,20400,158.74,0,78.79,0,0,22456,4354.84,0,10,0
809,03/20/2023,99000.83,12678.45,6425.86,171.11,0,0,3969.84,7000,145.18,0,79.35,0,0,297918,4354.84,0,11,0
810,03/21/2023,111309.43,12424.11,6804.38,205.54,0,0,3801.72,7150,185.93,0,62.5,0,0,25313,4354.84,0,12,0
811,03/22/2023,119270.32,12136.84,6044.42,181.39,0,0,3968.36,4800,189.01,0,108.33,0.75,0,446995,4354.84,0,13,0
812,03/23/2023,89731.83,12125.62,5751.34,200.48,0,0,3856.14,5200,91.04,0,67.35,0.75,0,225968,4354.84,0,14,0
813,03/24/2023,148249.28,12029.02,5295.61,187.72,0,0,2945.99,0,288.86,0,51.71,0.75,1,54340,4354.84,0,15,0
814,03/25/2023,86907.52,11819.57,5174.83,94.91,0,0,2992.79,0,108.7,0,41.63,0.75,0,315078,4354.84,0,16,0
815,03/26/2023,100081.44,12742.23,5175.49,69.63,0,0,2982.84,0,159.21,0,36.32,0.75,0,130140,4354.84,0,17,0
816,03/27/2023,72069.14,12202.14,4700.45,197.87,0,0,2961.44,0,302.28,0,46.11,0,0,5415,4354.84,0,18,0
817,03/28/2023,58212.17,11012.29,4632.57,180.81,0,0,2599.6,0,139.85,0,63,0,0,13555,4354.84,0,19,0
818,03/29/2023,61099.46,7580.61,4477.37,215.18,0,0,1728.2,2500,153.75,0,47.41,0,0,511285,4354.84,0,20,0
819,03/30/2023,77810.02,7564.11,5045.35,239.83,0,0,1736.43,0,169.82,0,60.42,0,0,904271,4354.84,0,21,0
820,03/31/2023,77640.14,7607.14,4703.92,169.45,0,0,1740.97,0,148.34,0,69.57,0,0,591134,4354.84,0,22,0
821,04/01/2023,75054.24,7673.41,5532.26,103.87,0,0,1736.03,0,200.14,0,72.71,0,0,365610,4500,0,23,0
822,04/02/2023,64926.71,8209.36,5557.02,84.48,0,0,1723.32,0,166.03,0,47.3,0,0,191970,4500,0,24,0
823,04/03/2023,68174.42,8095.02,5060.53,208.7,0,0,1737.29,15500,235.56,0,40.9,0,0,911797,4500,0,25,0
824,04/04/2023,125523.08,9785.59,5553.13,232.05,0,0,1739.74,3000,207.52,0,27.87,0,0,49590,4500,0,26,0
825,04/05/2023,103642.18,11291.2,5606.32,278.11,0,0,2913.78,3450,107.24,0,41.6,0,0,4673,4500,0,27,1
826,04/06/2023,90633.8,13945.68,5729.21,277.89,0,0,3492.31,1750,164.08,0,44.43,0,0,1407089,4500,0,28,2
827,04/07/2023,85517.51,14888.65,5468.37,310.62,0,0,3621.81,1300,218.4,0,40.22,0,0,1200698,4500,0,0,3
828,04/08/2023,81833.71,14598.13,5862.41,131.77,0,0,3619.53,3250,225.02,0,43.17,0,0,1077922,4500,0,0,4
829,04/09/2023,72926.52,16171.97,5002.79,142.64,0,0,3626.15,3250,261.65,0,25.26,0,0,4885,4500,0,0,5
830,04/10/2023,75866.55,15737.9,5020.71,250.85,0,0,4355.19,0,636.09,0,31.38,0,0,1051345,4500,0,0,6
831,04/11/2023,79292.55,16081.54,4959.19,252.21,0,0,4596.12,3625,1004.03,0,36.79,0,0,93215,4500,0,0,7
832,04/12/2023,107145.73,15644.36,5079.44,294.32,0,0,5134.05,4875,1106.21,0,34.98,0,0,1056509,4500,0,0,8
833,04/13/2023,85818.03,16020.56,5741.62,275.53,0,0,5559.11,1250,202.57,344.92,30.77,0,0,1003345,4500,0,0,9
834,04/14/2023,188594.5,15564.05,6015.84,296.21,0,0,5567.33,0,588.87,493.82,20.65,0,1,109973,4500,0,0,10
835,04/15/2023,102414.29,13423.43,5836.02,101.3,0,0,5621.8,2125,247.24,501.32,26.42,0,0,779913,4500,0,0,11
836,04/16/2023,98868.9,14389.05,5755.08,169.35,0,0,5571.76,4375,354.66,519.12,21.52,0,0,780100,4500,0,0,12
837,04/17/2023,89267.05,13410.91,5609.64,294.45,0,0,5615.89,4575,380.86,503.43,26.13,0,0,187136,4500,0,0,13
838,04/18/2023,131375.15,12698.14,6438.72,344.82,0,0,5582.81,3191.666667,744.51,498.1,29.21,0,0,1242986,4500,0,0,14
839,04/19/2023,98582.63,12782.16,6262.73,229.38,0,0,5598.38,1066.666667,234.77,490.6,18.09,0,0,155326,4500,0,0,15
840,04/20/2023,98927.01,12897.02,6198.14,213.76,0,0,5574.62,1066.666667,286.82,493.37,13.05,0,0,720567,4500,0,0,16
841,04/21/2023,121569.76,13005.07,6951.7,290.32,0,0,5572.88,2750,277.23,494.77,13.05,0,0,1043946,4500,0,0,17
842,04/22/2023,125992.57,13252.39,10461.16,279.78,0,0,5596.84,2000,621.53,500.61,20.71,0,0,28877,4500,0,0,18
843,04/23/2023,124360.47,14281.79,7311.26,239.19,0,0,5626.56,600,690.05,533.41,27.25,0,0,868695,4500,0,0,19
844,04/24/2023,116735.79,13578.96,7226.96,355.82,0,0,5567.14,2600,667.49,494.17,40.61,0,0,634556,4500,0,0,20
845,04/25/2023,105877.35,13294.57,7830.39,444.22,0,0,5553.98,5150,402.08,498.72,56.39,0,0,430951,4500,0,0,21
846,04/26/2023,124454.34,11812.93,7692.32,397.5,0,0,5573.58,3150,352.45,491.79,31.99,0,0,1237627,4500,0,0,22
847,04/27/2023,91254.82,11271.32,7440.05,404.98,0,0,5485.87,150,248.43,492.59,28.51,0,0,6224,4500,0,0,23
848,04/28/2023,111788.53,12098.85,7491.21,408.23,0,0,5545.65,2075,598.65,481.59,40.21,0,0,702879,4500,0,0,24
849,04/29/2023,116224.21,12365.71,8526.27,209.4,0,0,5568.12,1925,451.95,507.73,48.19,0,0,627158,4500,0,0,25
850,04/30/2023,136728.33,13166.82,8901.2,203.57,0,0,5524.98,0,1188.92,516.77,47.01,0,0,23271,4500,0,0,26
851,05/01/2023,111557.55,12634.06,7773.35,418.19,0,0,5517.69,2500,232.99,500.9,43.91,0,0,43718,5322.58,0,0,27
852,05/02/2023,119211,12447.76,8119.09,415.45,0,0,5439.35,2500,393.48,490.53,36.48,0,0,411528,5322.58,0,0,28
853,05/03/2023,119027.56,19627.12,8642.41,376.38,0,0,5544.97,2950,523.77,587.19,31.89,0,0,70199,5322.58,0,0,0
854,05/04/2023,143635.91,20190.27,8479.13,383.08,0,0,5498.1,450,510.62,673.72,25.57,0,0,1066794,5322.58,0,0,0
855,05/05/2023,125205.81,20456,8903.16,339.25,0,0,5544.86,0,292.25,706.63,30.67,0,0,102648,5322.58,0,0,0
856,05/06/2023,129972.03,20496.21,8503.23,176.06,0,0,5561.08,0,1477.04,714.5,26.34,0,0,499522,5322.58,0,0,0
857,05/07/2023,153402.58,20935.29,8807.07,217.29,0,0,5594.22,750,1524.76,719.99,35.14,0,0,88545,5322.58,0,0,0
858,05/08/2023,233116.51,20631.8,8850.09,474.97,0,0,5565.58,2900,803.74,868.88,33.39,0,0,46357,5322.58,0,0,0
859,05/09/2023,277636.06,21327.51,12969.65,661.13,0,0,5544.26,2150,595.75,1206.62,55.8,0,0,1502523,5322.58,0,0,0
860,05/10/2023,167928.3,21326.03,10189.78,528.59,0,0,5591.96,650,777.75,1180.57,52.65,0,0,182773,5322.58,0,0,0
861,05/11/2023,162849.16,21188.67,10079.3,527.26,0,0,5622.07,650,435.42,1198.33,46.04,0,0,1296115,5322.58,0,0,0
862,05/12/2023,220365.57,21410.32,9312.96,390.87,0,0,5635.99,800,591.11,1222.53,60.59,0,1,66080,5322.58,0,0,0
863,05/13/2023,139095.98,21731.99,10204.09,161.44,0,0,5619.31,2550,267.25,1239.53,66.56,0,0,1102149,5322.58,0,0,0
864,05/14/2023,150871,22934.92,10450.66,216.79,0,0,5618.59,2050,629.77,1237.23,72.96,0,0,1004320,5322.58,0,0,0
865,05/15/2023,121168.36,24525.45,8906.97,537.77,0,0,3765.03,2800,511.94,1675.68,99.25,0,0,13624,5322.58,0,0,0
866,05/16/2023,159283.32,22552.66,8402.73,505.8,0,0,3796.24,5000,419.06,2413.27,57.24,0.75,0,1163872,5322.58,0,0,0
867,05/17/2023,148664.67,21047.75,7981.66,468.02,0,0,3788.69,3825,513.54,2392.34,42.09,0.75,0,2079908,5322.58,0,0,0
868,05/18/2023,169199.9,20265.7,8310.13,456.32,0,0,3769.1,2325,384.32,2400.93,36.19,0.75,0,137173,5322.58,0,0,0
869,05/19/2023,92075.21,18970.42,8315.48,414.55,0,0,3767.59,2325,527.52,2289.28,39.52,0,0,575907,5322.58,0,0,0
870,05/20/2023,105368.06,20853.4,8817.97,276.63,0,0,3022.63,3625,538.54,2564.69,39.3,0,0,1158380,5322.58,0,0,0
871,05/21/2023,111943.47,13014.64,8732.23,202.06,0,0,2279.52,3300,372.77,1054.67,34.27,0,0,554886,5322.58,0,0,0
872,05/22/2023,106161.09,12155.04,7811.9,447.39,0,0,2291.36,2000,474.16,999.64,23.9,0,0,57216,5322.58,0,0,0
873,05/23/2023,101348.86,12579.32,7760.84,441.15,0,0,2288.75,0,220.89,1000.14,38,0,0,1111771,5322.58,0,0,0
874,05/24/2023,72808.14,13213.77,7633.93,388.73,0,0,2274.73,0,208.4,992.48,21.34,0,0,7599,5322.58,0,0,0
875,05/25/2023,132133.18,14500.91,7763.88,529.96,0,0,2292.26,6625,434.38,989.29,26.03,1.5,0,169032,5322.58,0,0,0
876,05/26/2023,203563.3,22058.13,9555.66,609.09,0,0,2294.54,4125,546.66,1315.45,15.49,2,0,2354329,5322.58,0,0,0
877,05/27/2023,224864.1,24723.28,10408.46,273.29,0,0,2524.21,2125,893.62,1465.22,26.73,2,0,638591,5322.58,0,0,0
878,05/28/2023,217196.48,26796.54,10948.84,247.79,0,0,3266.07,2125,1666.2,1708.75,30.97,2,0,2147350,5322.58,0,0,0
879,05/29/2023,324294.98,26469.17,11662.85,364.04,0,0,3257.93,250,1091.32,2020.01,54.49,2,0,816167,5322.58,0,0,0
880,05/30/2023,101483.98,14948.43,8521.11,588.46,0,0,3261.4,250,477.12,1518.42,77.94,0,0,23671,5322.58,0,0,0
881,05/31/2023,109977.68,15059.17,9931.69,595.65,0,0,3281.56,0,540.05,1511.02,65.27,0,0,1334718,5322.58,0,0,0
